3925 5609
317 625 440 689 naria
474 621 738 690 Olericoram.
772 621 907 708 degunt,
940 622 1028 707 cujus
1061 619 1241 688 Directores
1270 619 1447 714 Episcopus
1481 621 1580 688 libero
1611 622 1787 705 nominat,

314 739 530 818 praeterquam
553 750 699 816 personas
733 727 835 808 ,circa
856 750 905 794 res
928 727 1066 816 politicas
1087 728 1189 794 minus
1212 737 1347 816 gratas.“
1402 727 1577 796 Seminaria
1604 738 1660 794 aut
1683 731 1789 796 bona

315 834 443 924 propria
466 833 583 900 habent
605 844 659 900 aut
681 857 699 901 e
720 835 817 900 fundo
839 835 928 923 relig.
952 843 1174 923 sustentantur.

987 1033 1016 1111 5.
1059 1029 1091 1093 4.

976 1173 1102 1244 carna.

400 1361 444 1426 II.
480 1360 640 1426 Titulus
669 1360 953 1428 ordinationis
976 1370 1008 1426 et
1040 1384 1140 1426 cara
1168 1366 1437 1439 emeritorum,
1460 1339 1780 1447 deficientium.

400 1466 515 1535 Clerici
535 1467 708 1532 1111111111
737 1467 803 1532 1111
834 1489 940 1532 omnes
966 1466 1150 1531 ordinantur
1174 1466 1214 1531 ad
1240 1467 1375 1551 titulum,
1409 1468 1464 1557 qui
1485 1479 1616 1536 vocatur
1640 1494 1781 1538 araneae

306 1572 410 1662 fandi
438 1573 613 1660 religionis,
642 1570 747 1637 titulus
770 1572 947 1660 patrimonii
970 1573 1021 1637 vel
1042 1571 1199 1660 pensionis
1221 1573 1377 1638 rarissime
1399 1574 1543 1640 occurrit.
1588 1575 1778 1664 Regulares

314 1679 353 1742 ad
376 1677 491 1759 titulos,
515 1700 592 1764 quos
611 1678 663 1764 jus
687 1677 869 1742 canonicum
892 1700 951 1767 pro
974 1676 1170 1762 regularibus
1192 1677 1296 1760 habet,
1328 1678 1523 1747 ordinantur.

398 1781 599 1859 Sacerdotes,
635 1781 745 1868 quibus
776 1805 849 1848 cura
879 1782 1051 1846 animarum
1082 1782 1239 1848 ordinaria
1267 1785 1404 1849 nondum
1435 1784 1599 1850 commissa
1627 1784 1698 1868 fuit,
1740 1800 1777 1854 et

314 1887 469 1978 capellani
490 1886 615 1968 locales,
646 1887 672 1951 si
695 1888 735 1952 ad
759 1911 863 1952 curam
887 1892 1059 1954 animarum
1082 1887 1252 1973 gerendam
1275 1887 1430 1954 inhabiles
1451 1889 1636 1971 redduntur,
1669 1891 1775 1974 ,defi-

313 1994 479 2060 cientium“
501 1991 685 2081 pensionem
712 2013 884 2059 annuorum
915 1994 1033 2060 21011.
1065 2015 1146 2056 moa.
1178 2003 1272 2059 11111.
1304 2017 1322 2060 1
1350 1993 1448 2060 frando
1477 1993 1566 2081 relig.
1590 1994 1773 2082 accipiunt3

315 2100 444 2188 parochi
468 2097 646 2163 deficientes
669 2121 744 2163 voro
767 2098 926 2186 accipiunt
948 2100 1013 2164 315
1036 2098 1085 2180 11.;
1110 2099 1222 2186 quodsi
1244 2121 1353 2167 musae
1375 2123 1488 2189 graves
1511 2100 1623 2184 adsint,
1647 2103 1712 2166 105
1738 2103 1771 2168 fl.

313 2205 477 2270 adduntur.
523 2202 588 2269 Ubi
611 2203 753 2269 beneficii
774 2203 892 2270 reditus
907 2203 1072 2292 permittit,
1096 2204 1251 2291 parochus
1273 2216 1428 2272 reservata
1442 2206 1597 2294 pensione
1611 2231 1630 2272 1
1644 2227 1773 2272 succes·

313 2333 383 2376 sore
405 2309 552 2374 solvenda
575 2308 724 2394 resignat.

400 2412 584 2481 Sacerdotes
614 2413 755 2479 demeriti
785 2424 839 2478 aut
861 2414 892 2479 in
923 2414 1014 2481 domo
1037 2413 1294 2500 corrigendorum
1326 2416 1423 2504 (apud
1444 2417 1585 2504 singulas
1608 2417 1770 2486 dioeceses

314 2519 483 2585 indicatum
507 2527 562 2598 est,
584 2518 610 2582 si
634 2542 695 2605 qua
718 2518 846 2608 existat)
870 2520 997 2585 aluntur
1018 2530 1073 2586 aut
1095 2519 1227 2587 eiundo
1249 2521 1361 2609 relig,
1395 2522 1454 2587 nisi
1477 2523 1608 2589 fortasse
1629 2522 1661 2586 in
1685 2547 1769 2610 opus

313 2625 474 2713 publicum
497 2623 635 2688 damnati
664 2624 697 2687 in
728 2646 850 2690 carcere
872 2625 1001 2714 publico
1024 2625 1229 2692 detineantur.

399 2729 450 2794 Ex
483 2728 621 2810 ,ratione
652 2738 836 2817 quaestuum
866 2739 897 2794 et
929 2731 1113 2797 necessitate
1141 2731 1377 2819 11131111111111
1400 2754 1460 2822 pro
1483 2754 1566 2798 anno
1590 2732 1675 2797 1863
1706 2755 1767 2799 suo

314 2857 456 2923 quaeque
478 2834 545 2900 loco
569 2855 706 2922 expensa
727 2835 892 2900 notabitur.

982 3035 1011 3113 s.
1056 3030 1085 3093 5.

906 3177 963 3245 ne
989 3172 1166 3265 111111.

401 3364 430 3427 1.
467 3361 664 3448 01191111.
710 3360 858 3446 Congrua
887 3361 1094 3449 parochorum
1116 3370 1257 3428 veterum
1288 3360 1320 3447 (i.
1351 3382 1377 3426 e.
1406 3360 1440 3424 in
1469 3361 1627 3450 parochiis
1645 3364 1710 3449 jam
1733 3388 1761 3428 a.

317 3467 400 3534 1782
424 3468 545 3554 1111111)
569 3476 615 3532 est
637 3469 700 3532 315
724 3466 753 3531 fl.
777 3491 818 3531 m.
842 3493 885 3551 a,
920 3490 1072 3534 novorum
1104 3467 1137 3552 (i.
1160 3490 1186 3532 e.
1208 3475 1286 3555 post.
1309 3490 1336 3530 a.
1369 3466 1452 3533 1782
1475 3476 1649 3532 erectarum
1671 3491 1762 3557 paro·

315 3573 467 3660 chiarum)
499 3573 685 3638 11142011.
709 3595 748 3637 m.
772 3597 815 3655 1.,
845 3573 1214 3654 1111111111111131511.,
1245 3571 1486 3662 capellanorum,
1510 3583 1760 3660 cooperatorum,

317 3678 530 3763 coadjutorum
553 3678 618 3743 210
639 3677 669 3742 fl.
693 3701 732 3743 m.
755 3701 782 3742 a.
826 3677 865 3742 In
888 3679 1062 3744 civitatibus
1085 3678 1267 3766 capitalibus
1290 3677 1421 3766 parochi
1444 3699 1614 3765 congruam
1636 3679 1759 3744 420111

316 3787 400 3850 1260
423 3783 452 3848 11.
475 3783 597 3848 habeat.
648 3783 780 3849 Reditus
804 3793 857 3849 aut
879 3807 918 3850 ex
940 3784 1035 3870 agris,
1069 3793 1124 3849 aut
1145 3807 1163 3850 e
1184 3782 1312 3847 summis
1340 3783 1398 3847 sub
1427 3783 1608 3870 hypotheca
1636 3784 1759 3850 elocatis

315 3898 369 3954 aut
391 3911 408 3953 e
430 3887 619 3976 syngraphis
642 3887 775 3976 publicis
798 3889 995 3976 proveniunt.
1040 3889 1205 3955 Accedunt
1230 3887 1448 3976 eleemosynae
1470 3890 1633 3954 missarum
1655 3888 1760 3953 sunda-

316 4001 418 4057 tarum
450 3992 577 4073 aliaeve,
608 3993 832 4082 praestationes
855 3994 1053 4080 pecuniariae
1083 3993 1135 4060 vel
1156 3993 1314 4059 naturales
1337 4016 1356 4056 a
1377 3993 1516 4080 patronis
1539 3994 1606 4059 sive
1628 4015 1759 4058 commn-

315 4097 463 4162 nitatibus
497 4098 629 4165 debitae.
686 4097 794 4185 Usque
823 4099 862 4163 ad
898 4121 1013 4163 annum
1049 4099 1133 4165 1849
1161 4097 1292 4187 parochi
1322 4096 1355 4162 in
1377 4097 1537 4186 plerisque
1570 4096 1758 4164 dioecesibus

315 4203 449 4268 decimos
472 4203 548 4290 (non
572 4185 612 4269 eir
635 4203 786 4268 fructibus
810 4203 1001 4268 naturalibus
1024 4225 1171 4290 agrorum
1193 4201 1377 4284 metiendas,
1399 4203 1455 4269 sed
1471 4202 1652 4290 quantitatis
1667 4202 1758 4289 fixae)

313 4307 537 4396 percipiebant.
588 4308 794 4374 Redemtioae
817 4308 1005 4374 decimarum
1029 4310 1160 4375 11849
1183 4308 1264 4373 facta
1285 4307 1403 4374 reditus
1426 4307 1652 4395 permultorum
1674 4331 1757 4395 paro·

315 4412 442 4478 chorum
465 4412 555 4478 valde
577 4423 649 4478 sunt
679 4413 831 4479 diminuti.
875 4412 1006 4480 Reditus
1030 4414 1224 4502 singularum
1246 4413 1463 4500 parochiarum
1479 4413 1615 4478 maxime
1628 4411 1706 4478 inter
1725 4435 1758 4478 se
1824 4438 1825 4443 ¹

313 4517 470 4586 differunt,
514 4516 601 4581 Dum
626 4517 744 4605 aliquot
758 4518 791 4582 in
807 4519 937 4605 singulis
961 4519 1155 4585 dioecesibus
1177 4541 1271 4606 supra
1289 4519 1382 4599 1000,
1405 4518 1499 4598 1500,
1518 4517 1615 4600 2000,
1632 4517 1713 4582 3000
1725 4516 1757 4585 fl.
1824 4474 1825 4541 l

313 4623 473 4709 recipiunt,
489 4620 577 4686 multi
592 4621 676 4686 haud
692 4621 823 4687 multum
839 4645 933 4713 supra
946 4647 1119 4712 congruam
1134 4623 1260 4689 habent.
1305 4623 1395 4704 Quae
1416 4620 1471 4687 ubi
1493 4619 1608 4703 deficit,
1630 4621 1664 4686 id
1679 4620 1755 4708 quod
1824 4548 1826 4697 l

315 4728 411 4808 deest,
435 4727 562 4793 efundo
577 4726 669 4813 relig.
686 4727 857 4816 suppletur.
881 4729 966 4796 Loco
982 4729 1170 4796 decimarum
1184 4728 1394 4794 redemtarum
1409 4726 1609 4815 syngraphae
1622 4725 1756 4814 publicae
1823 4798 1824 4809 ,

316 4830 554 4920 (,‚obligationes
569 4832 658 4898 fundi
676 4834 872 4922 exoneratit)
889 4845 942 4900 aut
956 4856 1094 4901 summae
1107 4844 1190 4901 sorte
1204 4833 1303 4899 victae
1322 4834 1432 4922 (quum
1448 4854 1467 4899 e
1482 4830 1672 4920 syngraphis
1698 4831 1755 4896 illis
1823 4838 1824 4885 l

318 4936 482 5025 quotannis
506 4948 591 5004 certa
607 4960 679 5027 pars
695 4937 770 5004 sorti
785 4937 995 5028 submittatur)
1019 4940 1115 5030 capiti
1130 4948 1383 5005 annumerantur.
1428 4937 1469 5003 In
1484 4936 1628 5005 omnibus
1643 4934 1754 5005 dioece-
1823 4980 1824 4983 =
