<?xml version="1.0" encoding="UTF-8"?>
<!DOCTYPE html PUBLIC "-//W3C//DTD XHTML 1.0 Transitional//EN"
    "http://www.w3.org/TR/xhtml1/DTD/xhtml1-transitional.dtd">
<html xmlns="http://www.w3.org/1999/xhtml" xml:lang="en" lang="en">
 <head>
  <title>
</title>
<meta http-equiv="Content-Type" content="text/html;charset=utf-8" />
  <meta name='ocr-system' content='tesseract 3.04.00' />
  <meta name='ocr-capabilities' content='ocr_page ocr_carea ocr_par ocr_line ocrx_word'/>
</head>
<body>
  <div class='ocr_page' id='page_1' title='image "./statusdioecesiu00schugoog_0010.png"; bbox 0 0 3925 5609; ppageno 0'>
   <div class='ocr_carea' id='block_1_1' title="bbox 296 473 335 524">
    <p class='ocr_par' dir='ltr' id='par_1_1' title="bbox 296 473 335 524">
     <span class='ocr_line' id='line_1_1' title="bbox 296 473 335 524; baseline 0 0"><span class='ocrx_word' id='word_1_1' title='bbox 296 473 335 524; x_wconf 84' lang='lat' dir='ltr'><strong>VI</strong></span> 
     </span>
    </p>
   </div>
   <div class='ocr_carea' id='block_1_2' title="bbox 295 634 1748 1219">
    <p class='ocr_par' dir='ltr' id='par_1_2' title="bbox 295 634 1748 1219">
     <span class='ocr_line' id='line_1_2' title="bbox 297 634 1748 734; baseline 0.003 -28"><span class='ocrx_word' id='word_1_2' title='bbox 297 634 423 709; x_wconf 88' lang='lat' dir='ltr'><strong>divitiis</strong></span> <span class='ocrx_word' id='word_1_3' title='bbox 454 645 488 708; x_wconf 90' lang='lat' dir='ltr'><strong>et</strong></span> <span class='ocrx_word' id='word_1_4' title='bbox 504 637 685 732; x_wconf 81' lang='lat' dir='ltr'><strong>:opulentis</strong></span> <span class='ocrx_word' id='word_1_5' title='bbox 712 636 922 733; x_wconf 78' lang='lat' dir='ltr'><strong>praebendis</strong></span> <span class='ocrx_word' id='word_1_6' title='bbox 959 637 1161 710; x_wconf 77' lang='lat' dir='ltr'>refutentur.</span> <span class='ocrx_word' id='word_1_7' title='bbox 1224 636 1371 734; x_wconf 82' lang='lat' dir='ltr'>Insuper</span> <span class='ocrx_word' id='word_1_8' title='bbox 1404 658 1553 712; x_wconf 84' lang='lat' dir='ltr'><strong>summus</strong></span> <span class='ocrx_word' id='word_1_9' title='bbox 1579 637 1748 710; x_wconf 79' lang='lat' dir='ltr'><strong>Pontifex</strong></span> 
     </span>
     <span class='ocr_line' id='line_1_3' title="bbox 295 757 1747 856; baseline 0.003 -28"><span class='ocrx_word' id='word_1_10' title='bbox 295 757 375 830; x_wconf 92' lang='lat' dir='ltr'><strong>Pius</strong></span> <span class='ocrx_word' id='word_1_11' title='bbox 395 759 432 830; x_wconf 91' lang='lat' dir='ltr'><strong>P.</strong></span> <span class='ocrx_word' id='word_1_12' title='bbox 452 758 526 848; x_wconf 61' lang='lat' dir='ltr'><strong>lit„</strong></span> <span class='ocrx_word' id='word_1_13' title='bbox 556 781 655 853; x_wconf 93' lang='lat' dir='ltr'><strong>quem</strong></span> <span class='ocrx_word' id='word_1_14' title='bbox 675 759 932 833; x_wconf 88' lang='lat' dir='ltr'><strong>transmittendo</strong></span> <span class='ocrx_word' id='word_1_15' title='bbox 951 760 1093 833; x_wconf 87' lang='lat' dir='ltr'><strong>easdem</strong></span> <span class='ocrx_word' id='word_1_16' title='bbox 1118 761 1352 856; x_wconf 59' lang='lat' dir='ltr'><strong>quaestiones„</strong></span> <span class='ocrx_word' id='word_1_17' title='bbox 1379 780 1462 854; x_wconf 89' lang='lat' dir='ltr'><strong>quas</strong></span> <span class='ocrx_word' id='word_1_18' title='bbox 1489 758 1533 831; x_wconf 91' lang='lat' dir='ltr'><strong>ad</strong></span> <span class='ocrx_word' id='word_1_19' title='bbox 1560 761 1747 855; x_wconf 87' lang='lat' dir='ltr'><strong>episcopos</strong></span> 
     </span>
     <span class='ocr_line' id='line_1_4' title="bbox 295 878 1746 977; baseline 0.001 -27"><span class='ocrx_word' id='word_1_20' title='bbox 295 878 420 971; x_wconf 59' lang='lat' dir='ltr'><strong>direxi7</strong></span> <span class='ocrx_word' id='word_1_21' title='bbox 460 878 645 951; x_wconf 77' lang='lat' dir='ltr'><strong>humillime</strong></span> <span class='ocrx_word' id='word_1_22' title='bbox 681 885 820 973; x_wconf 48' lang='lat' dir='ltr'><strong>rogaviq</strong></span> <span class='ocrx_word' id='word_1_23' title='bbox 861 891 897 953; x_wconf 92' lang='lat' dir='ltr'><strong>ut</strong></span> <span class='ocrx_word' id='word_1_24' title='bbox 933 884 1105 977; x_wconf 89' lang='lat' dir='ltr'><strong>episcopis</strong></span> <span class='ocrx_word' id='word_1_25' title='bbox 1145 880 1266 953; x_wconf 89' lang='lat' dir='ltr'><strong>ltaliae</strong></span> <span class='ocrx_word' id='word_1_26' title='bbox 1305 883 1511 972; x_wconf 68' lang='lat' dir='ltr'><strong>austriacas,</strong></span> <span class='ocrx_word' id='word_1_27' title='bbox 1552 879 1746 973; x_wconf 78' lang='lat' dir='ltr'><strong>Ungariae.,</strong></span> 
     </span>
     <span class='ocr_line' id='line_1_5' title="bbox 296 999 1748 1099; baseline 0.001 -27"><span class='ocrx_word' id='word_1_28' title='bbox 296 999 475 1091; x_wconf 46' lang='lat' dir='ltr'><strong>Galiciaeq&#39;</strong></span> <span class='ocrx_word' id='word_1_29' title='bbox 501 1001 689 1074; x_wconf 88' lang='lat' dir='ltr'><strong>Dabnatiae</strong></span> <span class='ocrx_word' id='word_1_30' title='bbox 717 1011 781 1074; x_wconf 86' lang='lat' dir='ltr'><strong>cet.</strong></span> <span class='ocrx_word' id='word_1_31' title='bbox 809 1025 935 1099; x_wconf 82' lang='lat' dir='ltr'><strong>preces</strong></span> <span class='ocrx_word' id='word_1_32' title='bbox 962 1024 1056 1078; x_wconf 87' lang='lat' dir='ltr'><strong>meas</strong></span> <span class='ocrx_word' id='word_1_33' title='bbox 1091 1002 1362 1091; x_wconf 66' lang='lat' dir='ltr'><strong>commendaret,</strong></span> <span class='ocrx_word' id='word_1_34' title='bbox 1399 1025 1470 1074; x_wconf 93' lang='lat' dir='ltr'><strong>non</strong></span> <span class='ocrx_word' id='word_1_35' title='bbox 1498 1002 1601 1076; x_wconf 92' lang='lat' dir='ltr'><strong>modo</strong></span> <span class='ocrx_word' id='word_1_36' title='bbox 1628 1005 1748 1075; x_wconf 90' lang='lat' dir='ltr'><strong>annuit</strong></span> 
     </span>
     <span class='ocr_line' id='line_1_6' title="bbox 295 1122 1748 1219; baseline 0.001 -25"><span class='ocrx_word' id='word_1_37' title='bbox 295 1123 347 1195; x_wconf 92' lang='lat' dir='ltr'><strong>bis</strong></span> <span class='ocrx_word' id='word_1_38' title='bbox 387 1122 561 1219; x_wconf 63' lang='lat' dir='ltr'><strong>precibus„</strong></span> <span class='ocrx_word' id='word_1_39' title='bbox 605 1123 666 1195; x_wconf 89' lang='lat' dir='ltr'><strong>scd</strong></span> <span class='ocrx_word' id='word_1_40' title='bbox 706 1127 806 1196; x_wconf 91' lang='lat' dir='ltr'><strong>etiam</strong></span> <span class='ocrx_word' id='word_1_41' title='bbox 835 1123 964 1198; x_wconf 91' lang='lat' dir='ltr'><strong>Nuntio</strong></span> <span class='ocrx_word' id='word_1_42' title='bbox 991 1125 1183 1198; x_wconf 86' lang='lat' dir='ltr'><strong>Viennensi</strong></span> <span class='ocrx_word' id='word_1_43' title='bbox 1224 1125 1389 1205; x_wconf 87' lang='lat' dir='ltr'><strong>mandare</strong></span> <span class='ocrx_word' id='word_1_44' title='bbox 1416 1135 1470 1200; x_wconf 88' lang='lat' dir='ltr'><strong>ost</strong></span> <span class='ocrx_word' id='word_1_45' title='bbox 1495 1123 1667 1218; x_wconf 64' lang='lat' dir='ltr'><strong>dignatus„</strong></span> <span class='ocrx_word' id='word_1_46' title='bbox 1708 1135 1748 1196; x_wconf 94' lang='lat' dir='ltr'><strong>ut</strong></span> 
     </span>
    </p>
   </div>
   <div class='ocr_carea' id='block_1_3' title="bbox 295 1243 1825 1357">
    <p class='ocr_par' dir='ltr' id='par_1_3' title="bbox 295 1243 1825 1357">
     <span class='ocr_line' id='line_1_7' title="bbox 295 1243 1825 1357; baseline 0.001 -41"><span class='ocrx_word' id='word_1_47' title='bbox 295 1244 505 1317; x_wconf 90' lang='lat' dir='ltr'><strong>voluntatem</strong></span> <span class='ocrx_word' id='word_1_48' title='bbox 546 1243 582 1318; x_wconf 90' lang='lat' dir='ltr'><strong>S.</strong></span> <span class='ocrx_word' id='word_1_49' title='bbox 622 1246 734 1320; x_wconf 85' lang='lat' dir='ltr'><strong>Patris</strong></span> <span class='ocrx_word' id='word_1_50' title='bbox 773 1247 841 1320; x_wconf 91' lang='lat' dir='ltr'><strong>illis</strong></span> <span class='ocrx_word' id='word_1_51' title='bbox 882 1250 1045 1342; x_wconf 86' lang='lat' dir='ltr'><strong>aperiret</strong></span> <span class='ocrx_word' id='word_1_52' title='bbox 1116 1245 1193 1334; x_wconf 85' lang='lat' dir='ltr'><strong>Quo</strong></span> <span class='ocrx_word' id='word_1_53' title='bbox 1229 1245 1320 1320; x_wconf 89' lang='lat' dir='ltr'><strong>iacto</strong></span> <span class='ocrx_word' id='word_1_54' title='bbox 1353 1245 1427 1317; x_wconf 82' lang='lat' dir='ltr'><strong>Em.</strong></span> <span class='ocrx_word' id='word_1_55' title='bbox 1465 1255 1500 1320; x_wconf 87' lang='lat' dir='ltr'><strong>at</strong></span> <span class='ocrx_word' id='word_1_56' title='bbox 1526 1246 1616 1320; x_wconf 78' lang='lat' dir='ltr'><strong>tter.</strong></span> <span class='ocrx_word' id='word_1_57' title='bbox 1643 1246 1745 1318; x_wconf 89' lang='lat' dir='ltr'><strong>Dom.</strong></span> <span class='ocrx_word' id='word_1_58' title='bbox 1822 1346 1825 1357; x_wconf 37' lang='grc' dir='ltr'>Ι</span> 
     </span>
    </p>
   </div>
   <div class='ocr_carea' id='block_1_4' title="bbox 193 1366 1751 4635">
    <p class='ocr_par' dir='ltr' id='par_1_4' title="bbox 273 1366 1747 2688">
     <span class='ocr_line' id='line_1_8' title="bbox 296 1366 1745 1466; baseline -0.001 -26"><span class='ocrx_word' id='word_1_59' title='bbox 296 1366 486 1440; x_wconf 84' lang='lat' dir='ltr'><strong>Cardinalis</strong></span> <span class='ocrx_word' id='word_1_60' title='bbox 527 1368 570 1440; x_wconf 91' lang='lat' dir='ltr'><strong>de</strong></span> <span class='ocrx_word' id='word_1_61' title='bbox 609 1367 715 1458; x_wconf 65' lang='lat' dir='ltr'><strong>Luca,</strong></span> <span class='ocrx_word' id='word_1_62' title='bbox 752 1391 795 1442; x_wconf 93' lang='lat' dir='ltr'><strong>eo</strong></span> <span class='ocrx_word' id='word_1_63' title='bbox 823 1379 980 1466; x_wconf 88' lang='lat' dir='ltr'><strong>tempore</strong></span> <span class='ocrx_word' id='word_1_64' title='bbox 1015 1367 1273 1442; x_wconf 89' lang='lat' dir='ltr'><strong>Pro-Nuntius</strong></span> <span class='ocrx_word' id='word_1_65' title='bbox 1308 1369 1527 1464; x_wconf 70' lang='lat' dir='ltr'><strong>apostolicus,</strong></span> <span class='ocrx_word' id='word_1_66' title='bbox 1567 1376 1660 1441; x_wconf 91' lang='lat' dir='ltr'><strong>tanto</strong></span> <span class='ocrx_word' id='word_1_67' title='bbox 1688 1389 1745 1440; x_wconf 89' lang='lat' dir='ltr'><strong>me</strong></span> 
     </span>
     <span class='ocr_line' id='line_1_9' title="bbox 296 1490 1747 1589; baseline -0.001 -25"><span class='ocrx_word' id='word_1_68' title='bbox 296 1494 408 1564; x_wconf 85' lang='lat' dir='ltr'><strong>affecit</strong></span> <span class='ocrx_word' id='word_1_69' title='bbox 441 1491 590 1580; x_wconf 64' lang='lat' dir='ltr'><strong>favore„</strong></span> <span class='ocrx_word' id='word_1_70' title='bbox 632 1503 668 1566; x_wconf 91' lang='grc' dir='ltr'><strong>ιιι</strong></span> <span class='ocrx_word' id='word_1_71' title='bbox 703 1496 922 1589; x_wconf 73' lang='lat' dir='ltr'><strong>quaestiones</strong></span> <span class='ocrx_word' id='word_1_72' title='bbox 959 1516 979 1564; x_wconf 92' lang='lat' dir='ltr'><strong>a</strong></span> <span class='ocrx_word' id='word_1_73' title='bbox 1017 1515 1071 1564; x_wconf 92' lang='lat' dir='ltr'><strong>me</strong></span> <span class='ocrx_word' id='word_1_74' title='bbox 1107 1494 1301 1588; x_wconf 89' lang='lat' dir='ltr'><strong>propositas</strong></span> <span class='ocrx_word' id='word_1_75' title='bbox 1337 1494 1412 1586; x_wconf 90' lang='lat' dir='ltr'><strong>ipse</strong></span> <span class='ocrx_word' id='word_1_76' title='bbox 1439 1490 1682 1586; x_wconf 88' lang='lat' dir='ltr'><strong>imprimendas</strong></span> <span class='ocrx_word' id='word_1_77' title='bbox 1710 1501 1747 1563; x_wconf 91' lang='lat' dir='ltr'><strong>et</strong></span> 
     </span>
     <span class='ocr_line' id='line_1_10' title="bbox 295 1611 1746 1712; baseline 0.001 -28"><span class='ocrx_word' id='word_1_78' title='bbox 295 1615 337 1686; x_wconf 89' lang='lat' dir='ltr'><strong>ad</strong></span> <span class='ocrx_word' id='word_1_79' title='bbox 379 1617 560 1712; x_wconf 89' lang='lat' dir='ltr'><strong>episcopos</strong></span> <span class='ocrx_word' id='word_1_80' title='bbox 600 1616 876 1690; x_wconf 88' lang='lat' dir='ltr'><strong>transmittendas</strong></span> <span class='ocrx_word' id='word_1_81' title='bbox 917 1623 1067 1705; x_wconf 73' lang='lat' dir='ltr'><strong>curaret,</strong></span> <span class='ocrx_word' id='word_1_82' title='bbox 1107 1613 1284 1706; x_wconf 57' lang='lat' dir='ltr'><strong>rogando,</strong></span> <span class='ocrx_word' id='word_1_83' title='bbox 1325 1623 1363 1685; x_wconf 91' lang='lat' dir='ltr'><strong>ut</strong></span> <span class='ocrx_word' id='word_1_84' title='bbox 1401 1615 1444 1687; x_wconf 92' lang='lat' dir='ltr'><strong>iis</strong></span> <span class='ocrx_word' id='word_1_85' title='bbox 1479 1611 1746 1708; x_wconf 79' lang='lat' dir='ltr'><strong>responderent.</strong></span> 
     </span>
     <span class='ocr_line' id='line_1_11' title="bbox 295 1734 1746 1831; baseline -0.001 -23"><span class='ocrx_word' id='word_1_86' title='bbox 295 1736 609 1812; x_wconf 87' lang='lat' dir='ltr'><strong>Reverendissimis</strong></span> <span class='ocrx_word' id='word_1_87' title='bbox 649 1737 793 1810; x_wconf 91' lang='lat' dir='ltr'><strong>dominis</strong></span> <span class='ocrx_word' id='word_1_88' title='bbox 833 1737 974 1809; x_wconf 86' lang='lat' dir='ltr'><strong>Archi·</strong></span> <span class='ocrx_word' id='word_1_89' title='bbox 1016 1745 1050 1812; x_wconf 86' lang='lat' dir='ltr'><strong>et</strong></span> <span class='ocrx_word' id='word_1_90' title='bbox 1085 1735 1267 1831; x_wconf 84' lang='lat' dir='ltr'><strong>Episcopis</strong></span> <span class='ocrx_word' id='word_1_91' title='bbox 1305 1735 1482 1828; x_wconf 62' lang='lat' dir='ltr'><strong>Agriensi,</strong></span> <span class='ocrx_word' id='word_1_92' title='bbox 1524 1734 1746 1830; x_wconf 72' lang='lat' dir='ltr'><strong>Wesnprim.‚</strong></span> 
     </span>
     <span class='ocr_line' id='line_1_12' title="bbox 297 1857 1747 1956; baseline -0.001 -24"><span class='ocrx_word' id='word_1_93' title='bbox 297 1860 664 1956; x_wconf 71' lang='lat' dir='ltr'><strong>Quinque-Eccles,</strong></span> <span class='ocrx_word' id='word_1_94' title='bbox 710 1860 898 1950; x_wconf 58' lang='lat' dir='ltr'><strong>Nitriensi„</strong></span> <span class='ocrx_word' id='word_1_95' title='bbox 946 1857 1110 1955; x_wconf 68' lang='lat' dir='ltr'><strong>scopus,</strong></span> <span class='ocrx_word' id='word_1_96' title='bbox 1155 1857 1279 1950; x_wconf 82' lang='lat' dir='ltr'><strong>bugos.</strong></span> <span class='ocrx_word' id='word_1_97' title='bbox 1319 1880 1348 1929; x_wconf 94' lang='lat' dir='ltr'><strong>r.</strong></span> <span class='ocrx_word' id='word_1_98' title='bbox 1388 1879 1442 1950; x_wconf 83' lang='lat' dir='ltr'><strong>gr.</strong></span> <span class='ocrx_word' id='word_1_99' title='bbox 1482 1883 1534 1952; x_wconf 61' lang='lat' dir='ltr'><strong>o„</strong></span> <span class='ocrx_word' id='word_1_100' title='bbox 1575 1860 1747 1948; x_wconf 68' lang='lat' dir='ltr'><strong>Roman,</strong></span> 
     </span>
     <span class='ocr_line' id='line_1_13' title="bbox 296 1965 1747 2076; baseline -0.002 -21"><span class='ocrx_word' id='word_1_101' title='bbox 296 1980 505 2074; x_wconf 53' lang='lat' dir='ltr'><strong>snathmam</strong></span> <span class='ocrx_word' id='word_1_102' title='bbox 548 1983 725 2075; x_wconf 51' lang='lat' dir='ltr'><strong>Vacicnsiq</strong></span> <span class='ocrx_word' id='word_1_103' title='bbox 768 1980 912 2073; x_wconf 59' lang='lat' dir='ltr'><strong>saban„</strong></span> <span class='ocrx_word' id='word_1_104' title='bbox 956 1977 1125 2074; x_wconf 61' lang='lat' dir='ltr'><strong>(lassor,</strong></span> <span class='ocrx_word' id='word_1_105' title='bbox 1165 1978 1337 2069; x_wconf 56' lang='lat' dir='ltr'><strong>cracov„</strong></span> <span class='ocrx_word' id='word_1_106' title='bbox 1378 1980 1571 2076; x_wconf 48' lang='grc' dir='ltr'><strong>ΡιοιιιγιιἼ</strong></span> <span class='ocrx_word' id='word_1_107' title='bbox 1595 1965 1747 2071; x_wconf 61' lang='grc' dir='ltr'>Ὑίοθι.,</span> 
     </span>
     <span class='ocr_line' id='line_1_14' title="bbox 273 2102 1747 2200; baseline 0 -24"><span class='ocrx_word' id='word_1_108' title='bbox 273 2103 424 2200; x_wconf 69' lang='grc' dir='ltr'>,ὃριιιιι</span> <span class='ocrx_word' id='word_1_109' title='bbox 460 2113 494 2176; x_wconf 91' lang='lat' dir='ltr'><strong>et</strong></span> <span class='ocrx_word' id='word_1_110' title='bbox 521 2103 695 2194; x_wconf 62' lang='lat' dir='ltr'><strong>blaceio,</strong></span> <span class='ocrx_word' id='word_1_111' title='bbox 736 2107 791 2200; x_wconf 92' lang='lat' dir='ltr'><strong>qui</strong></span> <span class='ocrx_word' id='word_1_112' title='bbox 825 2105 903 2178; x_wconf 90' lang='lat' dir='ltr'><strong>illas</strong></span> <span class='ocrx_word' id='word_1_113' title='bbox 943 2127 1068 2200; x_wconf 87' lang='lat' dir='ltr'><strong>preces</strong></span> <span class='ocrx_word' id='word_1_114' title='bbox 1108 2104 1331 2193; x_wconf 64' lang='lat' dir='ltr'><strong>audiverunt,</strong></span> <span class='ocrx_word' id='word_1_115' title='bbox 1372 2105 1505 2176; x_wconf 85' lang='lat' dir='ltr'><strong>intimas</strong></span> <span class='ocrx_word' id='word_1_116' title='bbox 1543 2102 1747 2199; x_wconf 89' lang='lat' dir='ltr'><strong>debitasque</strong></span> 
     </span>
     <span class='ocr_line' id='line_1_15' title="bbox 296 2223 1745 2322; baseline 0 -26"><span class='ocrx_word' id='word_1_117' title='bbox 296 2228 424 2317; x_wconf 83' lang='lat' dir='ltr'><strong>gratias</strong></span> <span class='ocrx_word' id='word_1_118' title='bbox 451 2247 560 2318; x_wconf 87' lang='lat' dir='ltr'><strong>agens</strong></span> <span class='ocrx_word' id='word_1_119' title='bbox 588 2248 806 2322; x_wconf 86' lang='lat' dir='ltr'><strong>summopere</strong></span> <span class='ocrx_word' id='word_1_120' title='bbox 836 2227 950 2319; x_wconf 49' lang='lat' dir='ltr'><strong>doleoq</strong></span> <span class='ocrx_word' id='word_1_121' title='bbox 992 2227 1082 2322; x_wconf 91' lang='lat' dir='ltr'><strong>quod</strong></span> <span class='ocrx_word' id='word_1_122' title='bbox 1118 2234 1332 2321; x_wconf 89' lang='lat' dir='ltr'><strong>contemptus</strong></span> <span class='ocrx_word' id='word_1_123' title='bbox 1367 2223 1631 2296; x_wconf 88' lang='lat' dir='ltr'><strong>humillimarum</strong></span> <span class='ocrx_word' id='word_1_124' title='bbox 1672 2246 1745 2297; x_wconf 96' lang='lat' dir='ltr'><strong>non</strong></span> 
     </span>
     <span class='ocr_line' id='line_1_16' title="bbox 296 2348 1745 2444; baseline -0.001 -26"><span class='ocrx_word' id='word_1_125' title='bbox 296 2356 437 2442; x_wconf 89' lang='lat' dir='ltr'><strong>propter</strong></span> <span class='ocrx_word' id='word_1_126' title='bbox 476 2348 689 2420; x_wconf 89' lang='lat' dir='ltr'><strong>commodum</strong></span> <span class='ocrx_word' id='word_1_127' title='bbox 730 2353 899 2444; x_wconf 89' lang='lat' dir='ltr'><strong>privatum</strong></span> <span class='ocrx_word' id='word_1_128' title='bbox 939 2349 1107 2438; x_wconf 86' lang='lat' dir='ltr'><strong>factarum</strong></span> <span class='ocrx_word' id='word_1_129' title='bbox 1146 2370 1287 2443; x_wconf 88' lang='lat' dir='ltr'><strong>precum</strong></span> <span class='ocrx_word' id='word_1_130' title='bbox 1329 2369 1376 2418; x_wconf 88' lang='lat' dir='ltr'><strong>ex</strong></span> <span class='ocrx_word' id='word_1_131' title='bbox 1411 2355 1509 2441; x_wconf 89' lang='lat' dir='ltr'><strong>parte</strong></span> <span class='ocrx_word' id='word_1_132' title='bbox 1546 2357 1745 2419; x_wconf 86' lang='lat' dir='ltr'><strong>ceterorum</strong></span> 
     </span>
     <span class='ocr_line' id='line_1_17' title="bbox 296 2467 1746 2567; baseline 0.001 -27"><span class='ocrx_word' id='word_1_133' title='bbox 296 2472 538 2565; x_wconf 90' lang='lat' dir='ltr'><strong>cpiscoporum</strong></span> <span class='ocrx_word' id='word_1_134' title='bbox 562 2469 737 2567; x_wconf 60' lang='lat' dir='ltr'><strong>impediat,</strong></span> <span class='ocrx_word' id='word_1_135' title='bbox 767 2475 945 2566; x_wconf 88' lang='lat' dir='ltr'><strong>quominus</strong></span> <span class='ocrx_word' id='word_1_136' title='bbox 972 2473 1143 2567; x_wconf 90' lang='lat' dir='ltr'><strong>hocopus</strong></span> <span class='ocrx_word' id='word_1_137' title='bbox 1163 2471 1322 2560; x_wconf 71' lang='lat' dir='ltr'><strong>alterum,</strong></span> <span class='ocrx_word' id='word_1_138' title='bbox 1351 2468 1442 2564; x_wconf 93' lang='lat' dir='ltr'><strong>quod</strong></span> <span class='ocrx_word' id='word_1_139' title='bbox 1463 2469 1505 2540; x_wconf 89' lang='lat' dir='ltr'><strong>de</strong></span> <span class='ocrx_word' id='word_1_140' title='bbox 1524 2467 1746 2542; x_wconf 81' lang='lat' dir='ltr'><strong>dioecesibus</strong></span> 
     </span>
     <span class='ocr_line' id='line_1_18' title="bbox 297 2590 1243 2688; baseline 0.001 -27"><span class='ocrx_word' id='word_1_141' title='bbox 297 2590 432 2663; x_wconf 88' lang='lat' dir='ltr'><strong>illarum</strong></span> <span class='ocrx_word' id='word_1_142' title='bbox 460 2595 643 2684; x_wconf 86' lang='lat' dir='ltr'><strong>regionum</strong></span> <span class='ocrx_word' id='word_1_143' title='bbox 672 2602 890 2665; x_wconf 88' lang='lat' dir='ltr'><strong>tractaturum</strong></span> <span class='ocrx_word' id='word_1_144' title='bbox 917 2596 972 2684; x_wconf 47' lang='lat' dir='ltr'><strong>sitq</strong></span> <span class='ocrx_word' id='word_1_145' title='bbox 1001 2595 1099 2688; x_wconf 89' lang='lat' dir='ltr'><strong>sequi</strong></span> <span class='ocrx_word' id='word_1_146' title='bbox 1126 2594 1243 2688; x_wconf 89' lang='lat' dir='ltr'><strong>possit.</strong></span> 
     </span>
    </p>

    <p class='ocr_par' dir='ltr' id='par_1_5' title="bbox 193 2712 1746 3299">
     <span class='ocr_line' id='line_1_19' title="bbox 400 2712 1746 2810; baseline -0.001 -25"><span class='ocrx_word' id='word_1_147' title='bbox 400 2714 454 2785; x_wconf 86' lang='lat' dir='ltr'><strong>Dc</strong></span> <span class='ocrx_word' id='word_1_148' title='bbox 481 2716 593 2803; x_wconf 78' lang='lat' dir='ltr'><strong>formo</strong></span> <span class='ocrx_word' id='word_1_149' title='bbox 619 2725 652 2783; x_wconf 84' lang='lat' dir='ltr'><strong>et</strong></span> <span class='ocrx_word' id='word_1_150' title='bbox 677 2715 812 2784; x_wconf 70' lang='lat' dir='ltr'><strong>consto</strong></span> <span class='ocrx_word' id='word_1_151' title='bbox 841 2718 956 2810; x_wconf 89' lang='lat' dir='ltr'><strong>operis</strong></span> <span class='ocrx_word' id='word_1_152' title='bbox 984 2714 1066 2788; x_wconf 89' lang='lat' dir='ltr'><strong>nihil</strong></span> <span class='ocrx_word' id='word_1_153' title='bbox 1086 2714 1176 2804; x_wconf 67' lang='lat' dir='ltr'><strong>dico,</strong></span> <span class='ocrx_word' id='word_1_154' title='bbox 1204 2735 1268 2809; x_wconf 88' lang='lat' dir='ltr'><strong>per</strong></span> <span class='ocrx_word' id='word_1_155' title='bbox 1286 2735 1324 2785; x_wconf 90' lang='lat' dir='ltr'><strong>se</strong></span> <span class='ocrx_word' id='word_1_156' title='bbox 1342 2720 1445 2806; x_wconf 88' lang='lat' dir='ltr'><strong>patet.</strong></span> <span class='ocrx_word' id='word_1_157' title='bbox 1500 2712 1746 2806; x_wconf 79' lang='lat' dir='ltr'><strong>Quaecumque</strong></span> 
     </span>
     <span class='ocr_line' id='line_1_20' title="bbox 297 2831 1745 2933; baseline -0.002 -27"><span class='ocrx_word' id='word_1_158' title='bbox 297 2845 411 2907; x_wconf 89' lang='lat' dir='ltr'><strong>mente</strong></span> <span class='ocrx_word' id='word_1_159' title='bbox 436 2835 599 2933; x_wconf 80' lang='lat' dir='ltr'><strong>benigna¹</strong></span> <span class='ocrx_word' id='word_1_160' title='bbox 614 2836 899 2931; x_wconf 85' lang='lat' dir='ltr'><strong>vituperabuntur</strong></span> <span class='ocrx_word' id='word_1_161' title='bbox 925 2837 977 2908; x_wconf 46' lang='lat' dir='ltr'><strong>ab*</strong></span> <span class='ocrx_word' id='word_1_162' title='bbox 994 2839 1048 2926; x_wconf 69' lang='lat' dir='ltr'><strong>iis,</strong></span> <span class='ocrx_word' id='word_1_163' title='bbox 1077 2839 1135 2930; x_wconf 92' lang='lat' dir='ltr'><strong>qui</strong></span> <span class='ocrx_word' id='word_1_164' title='bbox 1161 2838 1236 2931; x_wconf 88' lang='lat' dir='ltr'><strong>ipsa</strong></span> <span class='ocrx_word' id='word_1_165' title='bbox 1262 2836 1516 2929; x_wconf 83' lang='lat' dir='ltr'><strong>vituperatione</strong></span> <span class='ocrx_word' id='word_1_166' title='bbox 1535 2831 1745 2927; x_wconf 61' lang='lat' dir='ltr'><strong>probabunt„</strong></span> 
     </span>
     <span class='ocr_line' id='line_1_21' title="bbox 193 2950 1744 3054; baseline -0.003 -25"><span class='ocrx_word' id='word_1_167' title='bbox 193 2981 196 2990; x_wconf 67' lang='lat'>¹</span> <span class='ocrx_word' id='word_1_168' title='bbox 298 2979 336 3029; x_wconf 87' lang='lat' dir='ltr'><strong>se</strong></span> <span class='ocrx_word' id='word_1_169' title='bbox 365 2967 398 3029; x_wconf 89' lang='lat' dir='ltr'><strong>et</strong></span> <span class='ocrx_word' id='word_1_170' title='bbox 425 2957 635 3050; x_wconf 60' lang='lat' dir='ltr'><strong>intelligere7</strong></span> <span class='ocrx_word' id='word_1_171' title='bbox 665 2957 706 3030; x_wconf 94' lang='lat' dir='ltr'><strong>de</strong></span> <span class='ocrx_word' id='word_1_172' title='bbox 735 2959 855 3054; x_wconf 91' lang='lat' dir='ltr'><strong>quibus</strong></span> <span class='ocrx_word' id='word_1_173' title='bbox 882 2969 1019 3052; x_wconf 61' lang='lat' dir='ltr'><strong>agatur„</strong></span> <span class='ocrx_word' id='word_1_174' title='bbox 1047 2955 1128 3052; x_wconf 95' lang='lat' dir='ltr'><strong>quid</strong></span> <span class='ocrx_word' id='word_1_175' title='bbox 1155 2979 1240 3053; x_wconf 93' lang='lat' dir='ltr'><strong>opus</strong></span> <span class='ocrx_word' id='word_1_176' title='bbox 1267 2960 1311 3028; x_wconf 92' lang='lat' dir='ltr'><strong>sit</strong></span> <span class='ocrx_word' id='word_1_177' title='bbox 1338 2953 1381 3026; x_wconf 93' lang='lat' dir='ltr'><strong>ad</strong></span> <span class='ocrx_word' id='word_1_178' title='bbox 1409 2954 1511 3026; x_wconf 92' lang='lat' dir='ltr'><strong>linem</strong></span> <span class='ocrx_word' id='word_1_179' title='bbox 1532 2950 1744 3049; x_wconf 88' lang='lat' dir='ltr'><strong>propositum</strong></span> 
     </span>
     <span class='ocr_line' id='line_1_22' title="bbox 298 3076 1743 3177; baseline -0.003 -25"><span class='ocrx_word' id='word_1_180' title='bbox 298 3079 561 3174; x_wconf 71' lang='lat' dir='ltr'><strong>assequendum,</strong></span> <span class='ocrx_word' id='word_1_181' title='bbox 591 3088 626 3150; x_wconf 87' lang='lat' dir='ltr'><strong>et</strong></span> <span class='ocrx_word' id='word_1_182' title='bbox 651 3102 724 3152; x_wconf 92' lang='lat' dir='ltr'><strong>rem</strong></span> <span class='ocrx_word' id='word_1_183' title='bbox 752 3083 859 3177; x_wconf 89' lang='lat' dir='ltr'><strong>ipsam</strong></span> <span class='ocrx_word' id='word_1_184' title='bbox 887 3090 966 3152; x_wconf 85' lang='lat' dir='ltr'><strong>ante</strong></span> <span class='ocrx_word' id='word_1_185' title='bbox 994 3081 1112 3152; x_wconf 87' lang='lat' dir='ltr'><strong>oculos</strong></span> <span class='ocrx_word' id='word_1_186' title='bbox 1139 3078 1284 3168; x_wconf 50' lang='lat' dir='ltr'><strong>babcrcq</strong></span> <span class='ocrx_word' id='word_1_187' title='bbox 1313 3100 1354 3150; x_wconf 87' lang='lat' dir='ltr'><strong>ea</strong></span> <span class='ocrx_word' id='word_1_188' title='bbox 1382 3076 1619 3150; x_wconf 84' lang='lat' dir='ltr'><strong>lubentissime</strong></span> <span class='ocrx_word' id='word_1_189' title='bbox 1646 3079 1743 3148; x_wconf 86' lang='lat' dir='ltr'><strong>acci-</strong></span> 
     </span>
     <span class='ocr_line' id='line_1_23' title="bbox 298 3200 1223 3299; baseline 0 -27"><span class='ocrx_word' id='word_1_190' title='bbox 298 3205 401 3299; x_wconf 68' lang='lat' dir='ltr'><strong>piam,</strong></span> <span class='ocrx_word' id='word_1_191' title='bbox 430 3200 669 3293; x_wconf 63' lang='lat' dir='ltr'><strong>considerabo„</strong></span> <span class='ocrx_word' id='word_1_192' title='bbox 705 3205 907 3276; x_wconf 82' lang='lat' dir='ltr'><strong>occassione</strong></span> <span class='ocrx_word' id='word_1_193' title='bbox 936 3202 1012 3274; x_wconf 89' lang='lat' dir='ltr'><strong>data</strong></span> <span class='ocrx_word' id='word_1_194' title='bbox 1040 3204 1223 3294; x_wconf 85' lang='lat' dir='ltr'><strong>corrigam.</strong></span> 
     </span>
    </p>

    <p class='ocr_par' dir='ltr' id='par_1_6' title="bbox 300 3312 1751 4635">
     <span class='ocr_line' id='line_1_24' title="bbox 402 3312 1744 3420; baseline -0.001 -26"><span class='ocrx_word' id='word_1_195' title='bbox 402 3323 455 3394; x_wconf 80' lang='lat' dir='ltr'><strong>lle</strong></span> <span class='ocrx_word' id='word_1_196' title='bbox 483 3325 592 3412; x_wconf 69' lang='lat' dir='ltr'><strong>opas</strong></span> <span class='ocrx_word' id='word_1_197' title='bbox 618 3328 757 3393; x_wconf 75' lang='lat' dir='ltr'><strong>materia</strong></span> <span class='ocrx_word' id='word_1_198' title='bbox 784 3312 892 3420; x_wconf 83' lang='lat' dir='ltr'><strong>pauca</strong></span> <span class='ocrx_word' id='word_1_199' title='bbox 916 3328 988 3418; x_wconf 77' lang='lat' dir='ltr'><strong>Janr</strong></span> <span class='ocrx_word' id='word_1_200' title='bbox 1016 3333 1093 3398; x_wconf 87' lang='lat' dir='ltr'><strong>sunt</strong></span> <span class='ocrx_word' id='word_1_201' title='bbox 1119 3322 1274 3395; x_wconf 90' lang='lat' dir='ltr'><strong>dicenda.</strong></span> <span class='ocrx_word' id='word_1_202' title='bbox 1329 3317 1477 3392; x_wconf 85' lang='lat' dir='ltr'><strong>Difficile</strong></span> <span class='ocrx_word' id='word_1_203' title='bbox 1504 3322 1607 3392; x_wconf 91' lang='lat' dir='ltr'><strong>immo</strong></span> <span class='ocrx_word' id='word_1_204' title='bbox 1634 3342 1744 3414; x_wconf 90' lang='lat' dir='ltr'><strong>usque</strong></span> 
     </span>
     <span class='ocr_line' id='line_1_25' title="bbox 302 3442 1744 3540; baseline -0.003 -24"><span class='ocrx_word' id='word_1_205' title='bbox 302 3445 388 3517; x_wconf 91' lang='lat' dir='ltr'><strong>adeo</strong></span> <span class='ocrx_word' id='word_1_206' title='bbox 415 3444 625 3540; x_wconf 90' lang='lat' dir='ltr'><strong>impossibile</strong></span> <span class='ocrx_word' id='word_1_207' title='bbox 663 3454 737 3538; x_wconf 64' lang='lat' dir='ltr'><strong>est,</strong></span> <span class='ocrx_word' id='word_1_208' title='bbox 765 3457 959 3518; x_wconf 79' lang='lat' dir='ltr'><strong>accuratam</strong></span> <span class='ocrx_word' id='word_1_209' title='bbox 987 3449 1152 3540; x_wconf 90' lang='lat' dir='ltr'><strong>cujusque</strong></span> <span class='ocrx_word' id='word_1_210' title='bbox 1179 3447 1231 3517; x_wconf 87' lang='lat' dir='ltr'><strong>rei</strong></span> <span class='ocrx_word' id='word_1_211' title='bbox 1259 3465 1321 3539; x_wconf 91' lang='lat' dir='ltr'><strong>pro</strong></span> <span class='ocrx_word' id='word_1_212' title='bbox 1349 3464 1553 3537; x_wconf 87' lang='lat' dir='ltr'><strong>unaquaque</strong></span> <span class='ocrx_word' id='word_1_213' title='bbox 1590 3442 1744 3516; x_wconf 90' lang='lat' dir='ltr'><strong>dioecesi</strong></span> 
     </span>
     <span class='ocr_line' id='line_1_26' title="bbox 300 3557 1745 3664; baseline 0 -27"><span class='ocrx_word' id='word_1_214' title='bbox 300 3565 382 3637; x_wconf 90' lang='lat' dir='ltr'><strong>dare</strong></span> <span class='ocrx_word' id='word_1_215' title='bbox 403 3557 575 3657; x_wconf 61' lang='lat' dir='ltr'><strong>notitiam„</strong></span> <span class='ocrx_word' id='word_1_216' title='bbox 604 3567 716 3662; x_wconf 93' lang='lat' dir='ltr'><strong>quoad</strong></span> <span class='ocrx_word' id='word_1_217' title='bbox 744 3571 853 3664; x_wconf 88' lang='lat' dir='ltr'><strong>primo</strong></span> <span class='ocrx_word' id='word_1_218' title='bbox 882 3590 1003 3642; x_wconf 88' lang='lat' dir='ltr'><strong>omnes</strong></span> <span class='ocrx_word' id='word_1_219' title='bbox 1022 3568 1262 3640; x_wconf 88' lang='lat' dir='ltr'><strong>Ordinariatus</strong></span> <span class='ocrx_word' id='word_1_220' title='bbox 1280 3565 1467 3638; x_wconf 76' lang='lat' dir='ltr'><strong>relationes</strong></span> <span class='ocrx_word' id='word_1_221' title='bbox 1485 3573 1519 3636; x_wconf 88' lang='lat' dir='ltr'><strong>et</strong></span> <span class='ocrx_word' id='word_1_222' title='bbox 1537 3572 1745 3658; x_wconf 87' lang='lat' dir='ltr'><strong>conspectus</strong></span> 
     </span>
     <span class='ocr_line' id='line_1_27' title="bbox 300 3684 1743 3786; baseline -0.001 -27"><span class='ocrx_word' id='word_1_223' title='bbox 300 3711 319 3759; x_wconf 94' lang='lat' dir='ltr'><strong>a</strong></span> <span class='ocrx_word' id='word_1_224' title='bbox 346 3688 506 3784; x_wconf 86' lang='lat' dir='ltr'><strong>parochis</strong></span> <span class='ocrx_word' id='word_1_225' title='bbox 534 3711 576 3761; x_wconf 88' lang='lat' dir='ltr'><strong>co</strong></span> <span class='ocrx_word' id='word_1_226' title='bbox 605 3690 707 3764; x_wconf 90' lang='lat' dir='ltr'><strong>modo</strong></span> <span class='ocrx_word' id='word_1_227' title='bbox 735 3688 993 3786; x_wconf 86' lang='lat' dir='ltr'><strong>componendos</strong></span> <span class='ocrx_word' id='word_1_228' title='bbox 1021 3698 1154 3779; x_wconf 58' lang='lat' dir='ltr'><strong>curentq</strong></span> <span class='ocrx_word' id='word_1_229' title='bbox 1182 3698 1219 3760; x_wconf 91' lang='lat' dir='ltr'><strong>ut</strong></span> <span class='ocrx_word' id='word_1_230' title='bbox 1245 3709 1304 3760; x_wconf 87' lang='lat' dir='ltr'><strong>nes</strong></span> <span class='ocrx_word' id='word_1_231' title='bbox 1331 3689 1414 3761; x_wconf 90' lang='lat' dir='ltr'><strong>scitu</strong></span> <span class='ocrx_word' id='word_1_232' title='bbox 1438 3684 1564 3780; x_wconf 82' lang='lat' dir='ltr'><strong>dignae</strong></span> <span class='ocrx_word' id='word_1_233' title='bbox 1591 3694 1743 3782; x_wconf 58' lang='lat' dir='ltr'><strong>pateantq</strong></span> 
     </span>
     <span class='ocr_line' id='line_1_28' title="bbox 300 3806 1748 3904; baseline -0.006 -19"><span class='ocrx_word' id='word_1_234' title='bbox 300 3809 452 3885; x_wconf 91' lang='lat' dir='ltr'><strong>secundo</strong></span> <span class='ocrx_word' id='word_1_235' title='bbox 492 3813 627 3886; x_wconf 88' lang='lat' dir='ltr'><strong>notitias</strong></span> <span class='ocrx_word' id='word_1_236' title='bbox 669 3815 781 3884; x_wconf 91' lang='lat' dir='ltr'><strong>omnis</strong></span> <span class='ocrx_word' id='word_1_237' title='bbox 821 3814 962 3904; x_wconf 82' lang='lat' dir='ltr'><strong>generis</strong></span> <span class='ocrx_word' id='word_1_238' title='bbox 1001 3813 1254 3883; x_wconf 89' lang='lat' dir='ltr'><strong>communicare</strong></span> <span class='ocrx_word' id='word_1_239' title='bbox 1289 3830 1359 3880; x_wconf 93' lang='lat' dir='ltr'><strong>non</strong></span> <span class='ocrx_word' id='word_1_240' title='bbox 1395 3806 1558 3879; x_wconf 90' lang='lat' dir='ltr'><strong>dubitent.</strong></span> <span class='ocrx_word' id='word_1_241' title='bbox 1613 3808 1658 3876; x_wconf 80' lang='lat' dir='ltr'><strong>Io</strong></span> <span class='ocrx_word' id='word_1_242' title='bbox 1684 3807 1748 3876; x_wconf 88' lang='lat' dir='ltr'><strong>boc</strong></span> 
     </span>
     <span class='ocr_line' id='line_1_29' title="bbox 301 3927 1746 4023; baseline 0 -23"><span class='ocrx_word' id='word_1_243' title='bbox 301 3933 383 4001; x_wconf 73' lang='lat' dir='ltr'><strong>libro</strong></span> <span class='ocrx_word' id='word_1_244' title='bbox 411 3931 538 4022; x_wconf 72' lang='lat' dir='ltr'><strong>offerat,</strong></span> <span class='ocrx_word' id='word_1_245' title='bbox 566 3955 650 4022; x_wconf 81' lang='lat' dir='ltr'><strong>puae</strong></span> <span class='ocrx_word' id='word_1_246' title='bbox 674 3935 815 4023; x_wconf 77' lang='lat' dir='ltr'><strong>possint,</strong></span> <span class='ocrx_word' id='word_1_247' title='bbox 842 3943 931 4002; x_wconf 85' lang='lat' dir='ltr'><strong>recte</strong></span> <span class='ocrx_word' id='word_1_248' title='bbox 956 3955 1009 4001; x_wconf 87' lang='lat' dir='ltr'><strong>me</strong></span> <span class='ocrx_word' id='word_1_249' title='bbox 1036 3931 1211 4023; x_wconf 82' lang='lat' dir='ltr'><strong>offirmare</strong></span> <span class='ocrx_word' id='word_1_250' title='bbox 1233 3951 1332 4018; x_wconf 77' lang='lat' dir='ltr'><strong>posse</strong></span> <span class='ocrx_word' id='word_1_251' title='bbox 1360 3931 1484 4018; x_wconf 74' lang='lat' dir='ltr'><strong>opdtor.</strong></span> <span class='ocrx_word' id='word_1_252' title='bbox 1545 3927 1600 4000; x_wconf 90' lang='lat' dir='ltr'><strong>No</strong></span> <span class='ocrx_word' id='word_1_253' title='bbox 1631 3949 1746 4019; x_wconf 74' lang='lat' dir='ltr'><strong>vagae</strong></span> 
     </span>
     <span class='ocr_line' id='line_1_30' title="bbox 300 4050 1749 4153; baseline -0.003 -30"><span class='ocrx_word' id='word_1_254' title='bbox 300 4050 463 4153; x_wconf 85' lang='lat' dir='ltr'><strong>darentur</strong></span> <span class='ocrx_word' id='word_1_255' title='bbox 501 4057 652 4144; x_wconf 59' lang='lat' dir='ltr'><strong>notitiaeq</strong></span> <span class='ocrx_word' id='word_1_256' title='bbox 694 4056 798 4130; x_wconf 89' lang='lat' dir='ltr'><strong>multa</strong></span> <span class='ocrx_word' id='word_1_257' title='bbox 836 4057 1030 4148; x_wconf 88' lang='lat' dir='ltr'><strong>praeterire</strong></span> <span class='ocrx_word' id='word_1_258' title='bbox 1058 4075 1157 4148; x_wconf 91' lang='lat' dir='ltr'><strong>quam</strong></span> <span class='ocrx_word' id='word_1_259' title='bbox 1184 4055 1316 4148; x_wconf 87' lang='lat' dir='ltr'><strong>incerto</strong></span> <span class='ocrx_word' id='word_1_260' title='bbox 1354 4050 1437 4122; x_wconf 91' lang='lat' dir='ltr'><strong>darc</strong></span> <span class='ocrx_word' id='word_1_261' title='bbox 1464 4050 1580 4138; x_wconf 64' lang='lat' dir='ltr'><strong>malui,</strong></span> <span class='ocrx_word' id='word_1_262' title='bbox 1621 4051 1749 4138; x_wconf 73' lang='lat' dir='ltr'><strong>quoties</strong></span> 
     </span>
     <span class='ocr_line' id='line_1_31' title="bbox 300 4170 1749 4268; baseline -0.003 -24"><span class='ocrx_word' id='word_1_263' title='bbox 300 4175 487 4245; x_wconf 82' lang='lat' dir='ltr'><strong>octbentioc</strong></span> <span class='ocrx_word' id='word_1_264' title='bbox 513 4178 627 4246; x_wconf 74' lang='lat' dir='ltr'><strong>deerm</strong></span> <span class='ocrx_word' id='word_1_265' title='bbox 651 4178 852 4266; x_wconf 81' lang='lat' dir='ltr'><strong>informatio.</strong></span> <span class='ocrx_word' id='word_1_266' title='bbox 915 4176 1024 4263; x_wconf 83' lang='lat' dir='ltr'><strong>Quam</strong></span> <span class='ocrx_word' id='word_1_267' title='bbox 1054 4175 1099 4247; x_wconf 95' lang='lat' dir='ltr'><strong>ob</strong></span> <span class='ocrx_word' id='word_1_268' title='bbox 1127 4195 1263 4246; x_wconf 88' lang='lat' dir='ltr'><strong>causam</strong></span> <span class='ocrx_word' id='word_1_269' title='bbox 1290 4194 1376 4268; x_wconf 90' lang='lat' dir='ltr'><strong>opus</strong></span> <span class='ocrx_word' id='word_1_270' title='bbox 1402 4181 1530 4244; x_wconf 89' lang='lat' dir='ltr'><strong>tantum</strong></span> <span class='ocrx_word' id='word_1_271' title='bbox 1559 4170 1675 4260; x_wconf 72' lang='lat' dir='ltr'><strong>abest,</strong></span> <span class='ocrx_word' id='word_1_272' title='bbox 1712 4180 1749 4241; x_wconf 94' lang='grc' dir='ltr'><strong>ιιι</strong></span> 
     </span>
     <span class='ocr_line' id='line_1_32' title="bbox 301 4291 1749 4391; baseline -0.001 -26"><span class='ocrx_word' id='word_1_273' title='bbox 301 4297 489 4391; x_wconf 84' lang='lat' dir='ltr'><strong>perlectum</strong></span> <span class='ocrx_word' id='word_1_274' title='bbox 533 4298 648 4369; x_wconf 87' lang='lat' dir='ltr'><strong>dicero</strong></span> <span class='ocrx_word' id='word_1_275' title='bbox 689 4300 830 4391; x_wconf 51' lang='lat' dir='ltr'><strong>possimff</strong></span> <span class='ocrx_word' id='word_1_276' title='bbox 872 4307 908 4368; x_wconf 93' lang='grc' dir='ltr'><strong>ιιι</strong></span> <span class='ocrx_word' id='word_1_277' title='bbox 949 4321 968 4368; x_wconf 90' lang='lat' dir='ltr'><strong>a</strong></span> <span class='ocrx_word' id='word_1_278' title='bbox 1009 4295 1077 4367; x_wconf 86' lang='lat' dir='ltr'><strong>fine</strong></span> <span class='ocrx_word' id='word_1_279' title='bbox 1118 4296 1295 4391; x_wconf 87' lang='lat' dir='ltr'><strong>proposito</strong></span> <span class='ocrx_word' id='word_1_280' title='bbox 1330 4295 1436 4386; x_wconf 88' lang='lat' dir='ltr'><strong>longe</strong></span> <span class='ocrx_word' id='word_1_281' title='bbox 1474 4291 1600 4365; x_wconf 90' lang='lat' dir='ltr'><strong>distare</strong></span> <span class='ocrx_word' id='word_1_282' title='bbox 1637 4313 1749 4384; x_wconf 85' lang='lat' dir='ltr'><strong>coger</strong></span> 
     </span>
     <span class='ocr_line' id='line_1_33' title="bbox 301 4413 1751 4514; baseline -0.002 -26"><span class='ocrx_word' id='word_1_283' title='bbox 301 4417 466 4489; x_wconf 87' lang='lat' dir='ltr'><strong>confiteri.</strong></span> <span class='ocrx_word' id='word_1_284' title='bbox 513 4415 584 4490; x_wconf 90' lang='lat' dir='ltr'><strong>Sed</strong></span> <span class='ocrx_word' id='word_1_285' title='bbox 612 4441 713 4513; x_wconf 91' lang='lat' dir='ltr'><strong>quum</strong></span> <span class='ocrx_word' id='word_1_286' title='bbox 741 4422 831 4490; x_wconf 92' lang='lat' dir='ltr'><strong>omni</strong></span> <span class='ocrx_word' id='word_1_287' title='bbox 859 4417 935 4489; x_wconf 90' lang='lat' dir='ltr'><strong>data</strong></span> <span class='ocrx_word' id='word_1_288' title='bbox 964 4440 1070 4514; x_wconf 85' lang='lat' dir='ltr'><strong>opera</strong></span> <span class='ocrx_word' id='word_1_289' title='bbox 1097 4417 1172 4489; x_wconf 89' lang='lat' dir='ltr'><strong>fieri</strong></span> <span class='ocrx_word' id='word_1_290' title='bbox 1189 4438 1260 4487; x_wconf 92' lang='lat' dir='ltr'><strong>non</strong></span> <span class='ocrx_word' id='word_1_291' title='bbox 1278 4423 1408 4511; x_wconf 58' lang='lat' dir='ltr'><strong>posset„</strong></span> <span class='ocrx_word' id='word_1_292' title='bbox 1434 4422 1471 4485; x_wconf 92' lang='grc' dir='ltr'><strong>ιιι</strong></span> <span class='ocrx_word' id='word_1_293' title='bbox 1493 4435 1578 4507; x_wconf 91' lang='lat' dir='ltr'><strong>opus</strong></span> <span class='ocrx_word' id='word_1_294' title='bbox 1607 4413 1751 4485; x_wconf 87' lang='lat' dir='ltr'><strong>ederem</strong></span> 
     </span>
     <span class='ocr_line' id='line_1_34' title="bbox 302 4535 1749 4635; baseline -0.003 -25"><span class='ocrx_word' id='word_1_295' title='bbox 302 4538 506 4634; x_wconf 66' lang='lat' dir='ltr'><strong>perfectum,</strong></span> <span class='ocrx_word' id='word_1_296' title='bbox 550 4551 607 4612; x_wconf 91' lang='lat' dir='ltr'><strong>aut</strong></span> <span class='ocrx_word' id='word_1_297' title='bbox 633 4541 735 4635; x_wconf 88' lang='lat' dir='ltr'><strong>plane</strong></span> <span class='ocrx_word' id='word_1_298' title='bbox 763 4539 911 4612; x_wconf 91' lang='lat' dir='ltr'><strong>editione</strong></span> <span class='ocrx_word' id='word_1_299' title='bbox 947 4537 1180 4614; x_wconf 88' lang='lat' dir='ltr'><strong>desistendum</strong></span> <span class='ocrx_word' id='word_1_300' title='bbox 1204 4546 1260 4609; x_wconf 91' lang='lat' dir='ltr'><strong>aut</strong></span> <span class='ocrx_word' id='word_1_301' title='bbox 1296 4559 1383 4634; x_wconf 87' lang='lat' dir='ltr'><strong>opus</strong></span> <span class='ocrx_word' id='word_1_302' title='bbox 1419 4538 1530 4608; x_wconf 92' lang='lat' dir='ltr'><strong>minus</strong></span> <span class='ocrx_word' id='word_1_303' title='bbox 1558 4535 1749 4630; x_wconf 82' lang='lat' dir='ltr'><strong>perfectum</strong></span> 
     </span>
    </p>
   </div>
   <div class='ocr_carea' id='block_1_5' title="bbox 302 4646 1829 4755">
    <p class='ocr_par' dir='ltr' id='par_1_7' title="bbox 302 4646 1829 4755">
     <span class='ocr_line' id='line_1_35' title="bbox 302 4646 1829 4755; baseline -0.005 -24"><span class='ocrx_word' id='word_1_304' title='bbox 302 4659 472 4731; x_wconf 88' lang='lat' dir='ltr'><strong>edendum</strong></span> <span class='ocrx_word' id='word_1_305' title='bbox 500 4671 583 4737; x_wconf 85' lang='lat' dir='ltr'><strong>erat.</strong></span> <span class='ocrx_word' id='word_1_306' title='bbox 643 4660 729 4733; x_wconf 94' lang='lat' dir='ltr'><strong>lllud</strong></span> <span class='ocrx_word' id='word_1_307' title='bbox 756 4660 914 4755; x_wconf 89' lang='lat' dir='ltr'><strong>equidem</strong></span> <span class='ocrx_word' id='word_1_308' title='bbox 941 4663 1046 4734; x_wconf 88' lang='lat' dir='ltr'><strong>volui.</strong></span> <span class='ocrx_word' id='word_1_309' title='bbox 1104 4662 1233 4736; x_wconf 90' lang='lat' dir='ltr'><strong>Ductus</strong></span> <span class='ocrx_word' id='word_1_310' title='bbox 1267 4681 1355 4733; x_wconf 85' lang='lat' dir='ltr'><strong>vcro</strong></span> <span class='ocrx_word' id='word_1_311' title='bbox 1384 4660 1571 4730; x_wconf 89' lang='lat' dir='ltr'><strong>amicorum</strong></span> <span class='ocrx_word' id='word_1_312' title='bbox 1598 4678 1752 4753; x_wconf 89' lang='lat' dir='ltr'><strong>persua·</strong></span> <span class='ocrx_word' id='word_1_313' title='bbox 1828 4646 1829 4705; x_wconf 77' lang='lat' dir='ltr'><strong>i</strong></span> 
     </span>
    </p>
   </div>
   <div class='ocr_carea' id='block_1_6' title="bbox 302 4780 1829 4878">
    <p class='ocr_par' dir='ltr' id='par_1_8' title="bbox 302 4780 1829 4878">
     <span class='ocr_line' id='line_1_36' title="bbox 302 4780 1829 4878; baseline -0.005 -24"><span class='ocrx_word' id='word_1_314' title='bbox 302 4785 414 4872; x_wconf 51' lang='lat' dir='ltr'><strong>sioneq</strong></span> <span class='ocrx_word' id='word_1_315' title='bbox 443 4785 498 4877; x_wconf 92' lang='lat' dir='ltr'><strong>qui</strong></span> <span class='ocrx_word' id='word_1_316' title='bbox 526 4804 667 4877; x_wconf 88' lang='lat' dir='ltr'><strong>operam</strong></span> <span class='ocrx_word' id='word_1_317' title='bbox 695 4781 862 4872; x_wconf 61' lang='lat' dir='ltr'><strong>inutilem7</strong></span> <span class='ocrx_word' id='word_1_318' title='bbox 890 4803 1063 4878; x_wconf 84' lang='lat' dir='ltr'><strong>expensas</strong></span> <span class='ocrx_word' id='word_1_319' title='bbox 1089 4781 1178 4854; x_wconf 93' lang='lat' dir='ltr'><strong>haud</strong></span> <span class='ocrx_word' id='word_1_320' title='bbox 1204 4780 1413 4872; x_wconf 67' lang='lat' dir='ltr'><strong>mediocres,</strong></span> <span class='ocrx_word' id='word_1_321' title='bbox 1441 4780 1643 4876; x_wconf 87' lang='lat' dir='ltr'><strong>praeprimis</strong></span> <span class='ocrx_word' id='word_1_322' title='bbox 1661 4800 1753 4851; x_wconf 87' lang='lat' dir='ltr'><strong>vero</strong></span> <span class='ocrx_word' id='word_1_323' title='bbox 1828 4812 1829 4847; x_wconf 81' lang='lat' dir='ltr'><strong>t</strong></span> 
     </span>
    </p>
   </div>
   <div class='ocr_carea' id='block_1_7' title="bbox 305 4899 1755 4997">
    <p class='ocr_par' dir='ltr' id='par_1_9' title="bbox 305 4899 1755 4997">
     <span class='ocr_line' id='line_1_37' title="bbox 305 4899 1755 4997; baseline -0.001 -24"><span class='ocrx_word' id='word_1_324' title='bbox 305 4901 486 4975; x_wconf 89' lang='lat' dir='ltr'><strong>diutiorem</strong></span> <span class='ocrx_word' id='word_1_325' title='bbox 513 4907 565 4976; x_wconf 89' lang='lat' dir='ltr'><strong>rei</strong></span> <span class='ocrx_word' id='word_1_326' title='bbox 593 4906 842 4976; x_wconf 89' lang='lat' dir='ltr'><strong>cunctationem</strong></span> <span class='ocrx_word' id='word_1_327' title='bbox 871 4903 1047 4997; x_wconf 69' lang='lat' dir='ltr'><strong>dolebant,</strong></span> <span class='ocrx_word' id='word_1_328' title='bbox 1075 4906 1217 4977; x_wconf 91' lang='lat' dir='ltr'><strong>alterum</strong></span> <span class='ocrx_word' id='word_1_329' title='bbox 1242 4903 1346 4996; x_wconf 82' lang='lat' dir='ltr'><strong>elegi.</strong></span> <span class='ocrx_word' id='word_1_330' title='bbox 1400 4900 1530 4989; x_wconf 84' lang='lat' dir='ltr'><strong>Quodsi</strong></span> <span class='ocrx_word' id='word_1_331' title='bbox 1548 4899 1626 4972; x_wconf 88' lang='lat' dir='ltr'><strong>iude</strong></span> <span class='ocrx_word' id='word_1_332' title='bbox 1653 4902 1755 4974; x_wconf 89' lang='lat' dir='ltr'><strong>vitu-</strong></span> 
     </span>
    </p>
   </div>
   <div class='ocr_carea' id='block_1_8' title="bbox 0 0 1973 5609">
    <p class='ocr_par' dir='ltr' id='par_1_10' title="bbox 0 0 1973 5609">
     <span class='ocr_line' id='line_1_38' title="bbox 0 0 1973 5609; baseline 0 0"><span class='ocrx_word' id='word_1_333' title='bbox 0 0 1973 5609; x_wconf 95' lang='lat' dir='ltr'><strong> </strong></span> 
     </span>
    </p>
   </div>
  </div>
 </body>
</html>
