3925 5609
315 463 384 518 VIII

315 638 373 699 aut
399 628 481 700 nihil
510 626 598 700 dabo
630 637 686 700 aut
714 649 814 699 omne
842 625 890 718 id,
932 627 1022 722 quod
1049 625 1170 700 saltem
1205 645 1254 696 ex
1278 623 1377 699 libris
1412 624 1588 722 impressis
1614 627 1779 723 reperiri

316 761 438 845 potest.
498 751 585 821 Eam
608 772 696 823 vero
716 771 789 821 rem
813 752 991 844 quominus
1020 748 1199 822 absolvam
1226 747 1363 820 biennio
1391 758 1448 819 aut
1474 751 1622 822 triennio
1640 752 1778 844 ingens

316 870 469 964 laborum
497 874 607 945 omnis
635 875 775 963 generis
804 873 903 967 copia
930 871 1035 966 plane
1062 869 1211 965 impedit.

425 993 571 1069 Tabulae
599 992 752 1084 auyectoe
780 996 918 1064 omnino
946 994 1165 1066 necessariae
1192 1013 1272 1078 esse
1300 992 1379 1064 mibi
1405 991 1612 1064 videbantur
1638 996 1776 1089 quippe

318 1115 437 1210 quibus
465 1119 576 1188 statim
603 1114 783 1204 efficiatur,
811 1125 846 1185 ut
873 1118 969 1209 quasi
997 1137 1065 1185 uno
1094 1123 1235 1210 aspectu
1262 1114 1422 1206 singulae
1440 1137 1500 1188 res
1517 1115 1773 1207 intelligantur.

193 1309 194 1312 ,
320 1237 538 1332 Quapropter
574 1239 734 1332 repetitio
771 1259 991 1308 numerorum
1023 1234 1185 1308 evitanda
1210 1257 1280 1306 noa
1315 1234 1401 1326 luit,
1442 1258 1518 1306 nam
1545 1246 1580 1308 et
1606 1237 1776 1329 singulae

319 1359 497 1432 dioeceses
539 1380 800 1454 quoquoversus
835 1367 933 1430 eraut
976 1355 1226 1434 describendae
1274 1366 1310 1429 et
1358 1362 1504 1430 omnium
1554 1362 1776 1455 comparatio

318 1479 486 1551 facienda.

423 1601 530 1688 Quum
557 1623 626 1673 non
654 1625 712 1675 res
741 1609 858 1694 gestas
897 1601 958 1675 sed
986 1611 1109 1671 atatam
1135 1600 1346 1674 dioecesium
1373 1600 1607 1696 descripturus
1636 1624 1773 1693 essem„

320 1733 356 1794 ut
393 1722 572 1818 plurimum
600 1727 698 1819 spatii
724 1725 892 1814 lucrarer,
931 1745 997 1818 por
1024 1723 1136 1792 titulos
1170 1721 1324 1813 singulas
1364 1726 1522 1797 materias
1563 1724 1693 1816 digessi
1735 1736 1776 1796 et

321 1845 496 1939 descripsi.
564 1843 690 1942 Sperm
729 1845 821 1935 fore,
862 1854 897 1916 ut
931 1842 996 1915 bac
1030 1847 1163 1916 ratione
1197 1855 1231 1916 et
1264 1848 1493 1940 perspicuitas
1530 1856 1699 1938 augeatur
1735 1859 1774 1918 et

320 1966 442 2038 librum
471 1970 651 2041 evolventi
677 1989 749 2057 resq
778 1989 877 2061 quam
906 1976 1058 2061 quaerat,
1093 1967 1268 2062 extemplo
1297 1965 1397 2038 facile
1425 1977 1597 2062 appareat.
1714 2060 1720 2072 Ι

423 2090 550 2160 Fontes
585 2093 714 2185 operis„
755 2099 790 2159 ut
819 2111 921 2183 supra
953 2091 1026 2179 jam
1053 2092 1259 2180 memoravi„
1296 2098 1373 2162 suut
1406 2088 1556 2179 catalogi
1582 2088 1772 2182 officiales,

320 2213 454 2283 litterae
491 2212 765 2284 Ordinariatuum
801 2211 843 2308 ad
879 2233 932 2281 me
970 2209 1136 2301 directae„
1177 2211 1346 2305 colloquia
1387 2231 1463 2280 oum
1504 2213 1589 2285 viris
1629 2214 1772 2307 peritis3

321 2329 539 2428 quamobrem
568 2356 681 2429 neque
707 2332 816 2406 libros
841 2334 938 2403 citari
966 2353 1078 2426 neque
1107 2331 1150 2403 de
1178 2333 1254 2405 aliis
1281 2329 1444 2405 similibus
1471 2332 1527 2401 bic
1544 2336 1601 2425 agi
1620 2343 1770 2429 oportet.

425 2455 586 2526 Sermone
622 2457 723 2524 totino
750 2439 831 2529 usus
858 2476 945 2543 sum,
987 2457 1063 2548 quia
1092 2463 1127 2525 et
1154 2455 1326 2526 ecclesiae
1353 2463 1406 2527 est
1432 2475 1549 2527 sermo
1586 2464 1621 2524 et
1646 2453 1768 2546 eflicit,

319 2587 355 2648 ut
382 2599 468 2672 opus
495 2578 619 2672 ubique
646 2578 800 2650 locorum
828 2579 936 2672 possit
963 2574 1128 2647 adhiberi.
1182 2576 1284 2648 Certe
1312 2578 1425 2646 omnia
1453 2597 1508 2646 me
1539 2573 1673 2667 fallunt,
1701 2580 1771 2651 nisi

320 2701 498 2796 hocopus
526 2700 603 2771 iere
630 2722 692 2772 eos
720 2709 847 2771 tantum
875 2721 953 2774 esse
981 2699 1147 2787 lecturos,
1183 2699 1239 2792 qui
1267 2700 1438 2771 sermonis
1465 2697 1561 2767 latini
1589 2707 1770 2792 compotes

320 2824 400 2912 sint7
424 2825 503 2916 jure
531 2825 700 2896 existimo.

423 3032 595 3125 Pragae
624 3029 707 3102 ldib.
735 3029 836 3102 Mart.
864 3028 1142 3124 MDCCCLXVI.
1199 2988 1201 2993 Ι
