3925 5609
313 462 363 518 ns

310 620 494 690 dioecesano
522 621 714 710 presbyteris
746 622 853 689 electis
881 630 913 688 et
941 618 1075 688 cessario
1105 617 1245 711 clerico)l
1277 641 1327 688 ras
1359 619 1564 707 scholasticas,
1601 621 1758 692 societatis

311 726 407 792 dioec
430 727 585 810 artificiae,
607 726 683 792 fines
705 726 920 815 parochiarum
950 735 982 792 et
1004 724 1209 792 decanatuum
1230 727 1390 814 regundos
1413 737 1486 811 cot,
1525 739 1686 818 praeterea
1707 753 1760 796 res
1841 757 1842 808 l

310 853 432 918 graves,
467 854 547 919 quae
576 832 615 896 ad
638 831 861 920 rempublicam
882 831 1047 920 pertinent.
1099 829 1227 896 Adsunt
1247 842 1372 918 praeter
1399 832 1575 900 Canonicos
1604 836 1644 900 19
1674 835 1760 904 Con·

310 935 358 1000 sil.
380 937 488 1004 eccles.

395 1043 425 1108 2.
461 1041 638 1106 Viccaiotac
664 1041 818 1128 pecoralis
839 1041 897 1106 006
920 1039 1047 1105 Vicario
1069 1039 1207 1126 generali
1229 1039 1322 1106 habet
1351 1063 1403 1108 eos
1426 1041 1628 1110 Consiliarios
1651 1045 1701 1132 (8)
1725 1055 1762 1109 01

310 1166 486 1226 assessores,
509 1169 587 1233 quos
611 1144 838 1214 Ordiuariuse
866 1144 1086 1233 capitularibus
1118 1144 1224 1210 aliisve
1252 1146 1401 1211 nominat.
1446 1147 1640 1216 Sessionibus
1664 1147 1761 1216 Ordi-

311 1249 415 1314 narius
443 1250 621 1337 praesidere
653 1249 741 1314 solet
799 1249 928 1314 Tractat
960 1248 992 1335 a)
1025 1247 1195 1335 spiritualia
1227 1250 1326 1314 omnis
1361 1252 1486 1338 generis
1519 1252 1757 1336 (ordinationes,

310 1355 561 1442 approbationes,
584 1355 768 1420 collationes
789 1353 996 1418 institutiones
1019 1361 1093 1434 cet,
1125 1376 1230 1418 causas
1253 1354 1465 1444 disciplinatos
1488 1356 1680 1439 clericorum,
1705 1379 1760 1422 res

310 1460 522 1540 decanatuum,
555 1482 671 1540 curam,
704 1480 833 1522 sacram.
869 1457 1050 1537 administr,
1082 1456 1287 1540 fundationes,
1319 1459 1566 1548 dispensationes
1597 1462 1761 1526 matrimo-

310 1562 407 1628 niales
440 1563 553 1629 aliasve
575 1585 682 1627 causas
704 1562 837 1628 matrim.
860 1585 924 1628 non
946 1561 1164 1642 contentiosas,
1195 1584 1283 1626 casus
1314 1564 1529 1647 conscientiae,
1563 1588 1612 1632 res
1634 1565 1762 1653 regula-

310 1666 399 1747 rium,
421 1667 658 1748 fraternitatum,
689 1667 877 1748 societatum,
901 1665 1079 1747 ecclesiast,
1112 1687 1274 1732 censuram
1296 1666 1446 1734 librorum
1469 1670 1539 1756 001.)
1593 1671 1661 1735 Vic.
1684 1693 1763 1758 gen.

250 1840 252 1845 ,
305 1771 550 1857 jurisdictionem
572 1771 741 1838 secundum
761 1773 813 1857 jus
837 1791 1000 1835 commune
1025 1780 1161 1853 exercet,
1185 1771 1310 1860 insuper
1337 1775 1553 1840 executionem
1575 1776 1763 1842 facultatum

309 1877 585 1963 quinquennalium
617 1876 786 1941 aliarumve
816 1873 1141 1940 extraordinariarum.
1198 1876 1279 1942 Vota
1309 1879 1555 1946 consiliariorum
1577 1891 1650 1946 sunt
1673 1903 1764 1947 mere

310 1981 522 2064 consultatira,
557 2004 651 2068 quum
686 1980 799 2045 decisio
835 1978 1002 2044 Ordinario
1036 1979 1117 2066 (Vic.
1151 1982 1235 2067 gen.)
1270 1993 1443 2070 competat,
1476 1985 1510 2072 b)
1534 2007 1596 2072 qua
1618 1986 1761 2050 tribunal

311 2087 388 2150 imao
405 2086 570 2150 instantiae
592 2107 699 2149 causas
721 2084 879 2170 litigiosas,
904 2082 1046 2172 exeeptis
1071 2084 1205 2150 matrim.
1252 2124 1257 2134 ·

395 2191 425 2256 3.
452 2189 669 2256 dambertum
690 2210 714 2253 s.
737 2187 873 2252 tribunal
894 2187 1119 2253 matrimoniale
1144 2190 1221 2253 tmac
1252 2189 1418 2256 instantiae
1440 2215 1510 2257 cum
1533 2191 1599 2258 Dir.
1624 2191 1762 2283 (offic),

310 2291 510 2359 20000111
536 2315 644 2358 assess.
670 2295 684 2358 1
710 2291 788 2357 0000.
813 2294 827 2356 1
854 2289 992 2357 Cancell.
1018 2296 1032 2356 1
1059 2290 1132 2358 Def.
1154 2303 1245 2358 matr.

394 2400 426 2465 4.
465 2397 617 2462 6160001
645 2397 912 2483 metropolitanam
933 2419 1003 2461 cum
1027 2393 1105 2479 Dir,
1136 2398 1156 2462 3
1181 2397 1310 2481 Consil,
1343 2400 1509 2466 2Assess.
1535 2404 1548 2468 1
1576 2398 1706 2484 Secret,
1741 2407 1756 2468 l

310 2501 383 2568 Def.
408 2511 498 2566 matr.
548 2502 678 2566 Praeter
708 2524 815 2566 causas
838 2500 989 2587 litigiosas
1013 2499 1198 2567 dioecesium
1221 2502 1352 2589 suffrag.
1381 2515 1428 2569 est
1449 2505 1509 2568 3tis
1531 2505 1676 2571 instantia
1700 2531 1762 2596 pro

309 2606 468 2694 provincia
496 2604 731 2692 Bamhergensi,
766 2605 905 2694 partibus
935 2605 1081 2670 facultate
1112 2616 1307 2695 competente
1335 2607 1370 2673 in
1392 2609 1452 2674 3tia
1472 2609 1543 2675 inst
1567 2610 1606 2675 ad
1628 2610 1762 2677 Curiam

308 2711 481 2777 Romanam
502 2711 701 2801 provocandi.

394 2816 541 2884 Secunda
569 2815 716 2881 instantia
744 2839 803 2904 pro
836 2814 1060 2881 archidioecesi
1093 2815 1125 2880 in
1149 2815 1292 2882 omnibus
1316 2817 1413 2882 causis
1447 2817 1591 2906 litigiosis
1614 2819 1763 2908 delegata

298 2932 395 2987 esta
423 2921 510 3010 Papa
538 2920 695 3010 Episcopo
725 2921 913 3006 Augustano
948 2920 1086 3007 (decreto
1112 2922 1161 2986 12.
1184 2921 1261 2988 Jun.
1292 2921 1432 2988 186310
1455 2931 1519 2987 tres
1541 2909 1660 3012 annos).
1718 2927 1763 2990 In

310 3027 370 3093 atis
391 3026 486 3094 instit.
509 3026 548 3091 ad
570 3025 696 3091 Curiam
719 3025 809 3091 Rom,
832 3025 865 3089 in
887 3025 986 3090 causis
1009 3048 1027 3088 a
1054 3025 1118 3094 Vic.
1142 3048 1215 3112 gen.
1238 3027 1347 3092 decisis
1381 3027 1572 3115 appellatur,
1606 3029 1761 3097 moderno

309 3154 383 3197 vero
414 3130 534 3198 Nuntio
569 3142 667 3219 apost.
698 3130 827 3195 facultas
860 3129 933 3194 data
967 3140 1026 3212 est,
1059 3129 1091 3194 in
1123 3153 1196 3198 casu
1225 3154 1322 3198 unum
1354 3154 1394 3197 ex
1424 3133 1575 3222 episcopis
1604 3121 1762 3201 Bavariee

310 3235 484 3322 delegandi.

310 3338 314 3345 ’
395 3339 438 3405 X.
468 3339 631 3406 8001010100
661 3348 703 3410 et,
724 3339 1008 3427 confraternitates.
1055 3339 1082 3403 1.
1106 3337 1178 3405 800.
1202 3339 1234 3407 8.
1258 3338 1439 3406 corbiniani
1470 3342 1524 3428 (ex
1546 3363 1573 3406 a
1597 3344 1696 3431 1859)
1721 3344 1761 3408 06

308 3444 534 3535 suppeditanda
555 3455 589 3510 et
608 3444 769 3510 fundanda
790 3465 835 3526 ea,
859 3443 971 3531 quibus
993 3441 1193 3508 seminarium
1214 3465 1383 3532 puerorum
1406 3445 1621 3512 dioecesanum
1637 3458 1758 3514 susten·

308 3561 399 3616 tetur.
443 3549 572 3616 Reditus
602 3574 630 3616 a.
655 3550 740 3614 1864
768 3557 835 3614 erat
858 3547 1046 3629 516146,
1076 3569 1215 3637 expensa
1237 3549 1355 3615 34977
1377 3549 1408 3614 6.
1452 3551 1549 3635 Bona,
1573 3574 1652 3640 quae
1674 3554 1757 3619 redi-

293 3667 374 3740 tum
407 3665 477 3721 actu
510 3656 594 3737 dant,
629 3664 702 3720 sunt
738 3654 874 3718 157663
905 3652 955 3733 6.,
988 3651 1021 3716 10
1055 3675 1174 3718 summa
1203 3655 1343 3719 255340
1364 3655 1395 3721 6.
1450 3659 1481 3721 2.
1504 3655 1574 3724 Soc.
1597 3657 1757 3724 Missionis

308 3761 526 3826 Ludoviciana
570 3758 623 3824 Ex
643 3757 864 3824 archidioccesi
885 3781 912 3821 a.
936 3758 1022 3822 1854
1045 3755 1109 3823 dati
1131 3769 1205 3824 sunt
1225 3759 1343 3825 30127
1366 3758 1397 3824 6.
1455 3761 1484 3826 3.
1518 3759 1589 3830 800.
1621 3760 1757 3828 81710-

309 3866 403 3932 centii
434 3889 453 3930 a
485 3863 593 3930 Paula.
647 3865 677 3933 4.
711 3862 783 3930 800.
814 3861 854 3926 06
887 3859 1064 3928 educandos
1097 3863 1230 3930 infantes
1266 3863 1438 3950 neglectos,
1473 3865 1527 3952 qui
1561 3866 1625 3932 red.
1657 3867 1755 3950 3655,

309 3993 437 4061 expons.
461 3971 556 4052 3263,
578 3971 660 4034 6000
682 3969 795 4035 16231
820 3968 850 4033 6.
874 3967 991 4033 habuit.
1037 3971 1065 4032 5.
1088 3965 1157 4034 800.
1181 3966 1240 4035 88.
1263 3967 1342 4036 Jesu
1373 3969 1508 4035 Infantis
1531 3970 1632 4058 (cujus
1656 3973 1756 4036 consi·

309 4077 384 4141 lium
416 4075 563 4163 generale
595 4073 723 4138 Parisiis
757 4071 860 4159 00601)
889 4093 930 4138 ex
964 4071 1084 4137 archid.
1117 4095 1143 4139 a.
1180 4075 1262 4140 1864
1291 4096 1443 4139 summam
1467 4076 1553 4141 7934
1574 4075 1604 4140 6.
1626 4078 1755 4166 recepit.

309 4185 339 4248 6.
373 4180 444 4248 8οο
475 4180 633 4270 Opificum
667 4178 779 4242 cathol.
836 4177 866 4242 7.
901 4177 971 4244 Soc
1002 4176 1036 4244 S.
1070 4176 1270 4244 Elisabethae
1302 4178 1355 4266 (ad
1377 4178 1565 4265 adjuvandos
1589 4201 1753 4269 pauperes,

309 4297 451 4373 aegrotos
474 4288 545 4373 cet)
569 4285 641 4349 circ
664 4285 729 4349 600
749 4303 904 4372 pauperes
926 4281 1053 4367 adjuvit,
1073 4282 1139 4351 red.
1163 4286 1257 4366 6685,
1281 4306 1352 4374 exp.
1378 4288 1461 4351 5642
1485 4285 1601 4350 606011.
1646 4287 1677 4351 8.
1699 4285 1755 4350 Ιο-

308 4391 448 4456 stitutum
478 4390 653 4455 Marianum
680 4411 739 4475 pro
769 4386 928 4452 catholicis
957 4387 1137 4454 mulieribus
1166 4389 1369 4470 servientibus
1401 4391 1485 4456 1017
1515 4391 1636 4479 puellas
1667 4393 1753 4481 apud

308 4494 449 4561 dominos
471 4493 642 4575 collocavit,
672 4495 736 4558 496
759 4490 928 4581 hospitavit
950 4492 992 4556 53
1015 4493 1296 4560 reconvalescentes
1318 4494 1404 4577 aluit,
1436 4495 1545 4560 habuit
1565 4495 1630 4561 red.
1654 4497 1752 4577 8674,

308 4623 381 4690 exp.
411 4601 496 4665 7728
524 4599 556 4663 6.
586 4599 633 4664 rh.
686 4601 717 4663 9.
750 4596 880 4678 Domus,
912 4595 945 4659 in
980 4619 1042 4682 quc
1073 4607 1176 4663 mente
1206 4598 1296 4686 capti,
1330 4621 1408 4688 quos
1436 4611 1549 4665 vocant
1574 4599 1752 4683 „Oretins“,

308 4706 434 4771 aluntur
456 4715 488 4771 et
509 4705 639 4770 societas
661 4701 702 4768 ad
723 4703 806 4789 hunc
826 4701 920 4766 finem
942 4711 1044 4768 erecta
1065 4702 1130 4768 red.
1153 4704 1279 4786 24523,
1302 4725 1371 4792 exp.
1396 4705 1509 4770 13181
1534 4705 1565 4771 6.
1588 4705 1697 4770 606011
1718 4717 1753 4772 01

310 4813 352 4876 92
385 4819 528 4896 aegrotos
562 4809 689 4873 curavit.
750 4809 799 4873 10.
829 4805 898 4874 Soc
931 4815 1101 4894 perpetuae
1130 4807 1318 4876 adorationis
1350 4808 1408 4876 88.
1439 4809 1634 4878 Sacramenti
1656 4811 1751 4876 etad

309 4914 500 5001 adjuvandas
532 4913 678 4980 ecclesias
709 4932 862 5000 pauperes
891 4910 1000 4975 habuit
1020 4910 1087 4978 red.
1111 4913 1205 4997 1407,
1235 4937 1306 5004 exp.
1332 4917 1424 4998 1249,
1454 4916 1586 4982 fundum
1609 4918 1696 4984 3258
1717 4915 1750 4983 6.
