3925 5609
523 1699 1330 1845 lnnnonltcnlo.

246 1933 429 2016 Notitiae
463 1931 695 2043 generales,
728 1953 835 2036 quae
868 1929 919 2009 ad
953 1952 1094 2009 omnes
1130 1928 1351 2015 dioeceses·
1375 1932 1608 2014 borussicas

732 2084 828 2162 sont
866 2075 1125 2158 referendae.

874 2563 901 2642 a.
939 2560 991 2624 42.

662 2704 718 2772 Dc
744 2705 810 2772 situ
836 2713 868 2772 et
895 2705 1209 2794 circumscriptione.

295 2891 535 2978 Reorganisalio
551 2901 582 2955 et
601 2889 843 2977 circumscriptio
863 2888 1050 2954 dioecesium
1070 2888 1295 2955 borussicarum
1315 2891 1395 2957 facta
1413 2903 1458 2958 est
1470 2917 1526 2982 per
1538 2895 1654 2962 bullam

208 2999 263 3065 Pii
284 2997 363 3062 VII.
411 2995 481 3078 ,De
504 2995 602 3060 salute
618 2993 810 3058 animarum“
834 2993 897 3058 dat.
914 2997 965 3061 26.
981 2993 1047 3060 Jul.
1067 2996 1158 3063 1821.
1202 2995 1272 3061 Hac
1294 2997 1379 3081 bulla
1402 2999 1588 3084 factumest,
1611 3012 1655 3086 ut,

210 3102 353 3191 exceptis
375 3101 515 3189 partibus
538 3099 676 3182 Silesiae,
700 3123 779 3186 quae
802 3098 841 3164 ad
864 3099 1019 3166 dioeceses
1040 3098 1235 3187 Pragensem
1265 3113 1296 3166 et
1325 3101 1564 3171 Olomucensem
1591 3107 1656 3193 jam

210 3207 386 3295 antiquitus
416 3205 620 3293 pertinebant,
655 3204 808 3272 Catholici
836 3203 926 3292 regni
957 3204 1106 3269 borussici
1137 3204 1313 3272 Ordinariis
1344 3210 1507 3276 borussicis
1537 3222 1656 3277 tantum

211 3312 344 3398 subjecti
375 3310 443 3377 sint.
496 3308 611 3376 Contra
634 3307 717 3392 vero,
748 3319 783 3374 ut
812 3309 893 3397 apud
927 3309 1065 3396 singulas
1089 3309 1242 3378 dioecesos
1264 3314 1390 3401 patebit,
1422 3314 1583 3381 Ordinarii
1606 3318 1658 3383 bo·

124 3451 125 3454 ¹
211 3416 326 3484 russici
348 3413 460 3503 partim
483 3413 516 3478 in
538 3413 684 3501 regiones
706 3413 837 3480 aliorum
858 3413 1034 3502 principum
1053 3415 1302 3500 jurisdictionem
1325 3431 1476 3485 exercent.

304 3519 416 3602 Quoad
451 3518 544 3586 situm
578 3519 775 3601 dioecesium,
808 3519 999 3584 diversitates
1036 3519 1159 3605 quidem
1191 3522 1336 3604 existunt,
1371 3546 1466 3609 quum
1502 3525 1658 3592 dioeceses

214 3624 477 3706 Vratislaviensis,
507 3624 781 3706 Pederbornensis,
813 3623 1017 3705 Coloniensis,
1048 3623 1242 3690 Trevirensis
1271 3626 1384 3715 partim
1407 3629 1552 3717 regiones
1574 3654 1660 3696 mon·

212 3743 319 3798 tuosas
343 3730 529 3796 contineant.
553 3740 673 3795 ceterae
696 3751 769 3794 vero
794 3750 917 3815 campos
939 3739 1088 3816 patentes.
1132 3729 1194 3795 Ast
1217 3730 1356 3816 ejusdem
1379 3735 1539 3817 momenti,
1572 3747 1606 3801 ut
1628 3737 1660 3802 in

213 3834 347 3902 Austris
368 3834 417 3900 vel
439 3833 571 3899 Bavaria
592 3833 768 3918 hujusmodi
789 3833 981 3899 differentiae
1003 3855 1067 3899 non
1089 3845 1169 3902 sunt

305 3938 477 4006 Circuitum
507 3938 534 4003 si
563 3946 691 4026 spectac,
726 3938 882 4004 dioeceses
905 3959 1012 4004 omnes
1035 3939 1110 4004 satis
1133 3939 1255 4029 amplae
1276 3951 1356 4023 sunt,
1386 3942 1507 4030 aliquot
1537 3946 1661 4031 nimiae,

214 4044 400 4134 praesertim
424 4042 674 4110 Vratislariensis
697 4053 728 4109 et
750 4042 1023 4110 Paderbornonsis.
1068 4043 1306 4128 Beneficiorum,
1328 4047 1479 4135 imprimis
1501 4051 1661 4137 parochia-

124 4227 125 4230 *
215 4173 287 4214 rnrn
318 4170 479 4214 nnmerum
512 4147 757 4214 considerantem
788 4147 870 4213 haud
893 4148 991 4236 fugit,
1026 4171 1119 4235 quam
1151 4150 1214 4216 sint
1246 4173 1430 4218 numerosae
1462 4156 1591 4222 relative
1623 4158 1663 4223 ad

217 4256 374 4321 dioeceses
394 4252 570 4322 austriacas.
616 4252 811 4320 Clericorum
841 4275 987 4319 numerus
1016 4254 1204 4340 generaliter
1225 4256 1369 4323 sufficere
1390 4257 1522 4325 videtur.
1566 4261 1666 4329 Acce·

216 4360 272 4444 dit,
295 4358 379 4447 quod
401 4358 596 4440 monasteria,
619 4368 799 4441 conventus,
830 4360 1087 4446 congregationes
1117 4360 1253 4426 virorum
1274 4385 1372 4449 pauca
1395 4363 1541 4449 existunt,
1565 4366 1609 4431 ita
1630 4379 1666 4433 nt

216 4475 300 4530 totus
323 4463 432 4546 clerus,
467 4461 604 4551 exceptis
635 4461 718 4528 haud
740 4464 844 4530 mullis
877 4463 922 4530 rei
950 4463 1154 4533 scholasticae
1186 4465 1236 4532 vel
1264 4466 1520 4538 administrationi
1543 4471 1663 4557 deditis,
1709 4498 1713 4508 ¹

216 4591 323 4634 curam
345 4567 517 4634 animarum
539 4576 690 4633 exerceat.

303 4672 342 4740 In
366 4671 556 4739 dioecesibus
578 4669 756 4754 Vratislav,
786 4670 964 4738 Vermiensi
988 4671 1131 4738 catholici
1155 4674 1187 4739 in
1209 4675 1369 4764 plerisque
1391 4679 1571 4766 regionibus
1594 4703 1664 4748 cum

218 4777 396 4844 acatholicis
417 4776 597 4866 permixtim
619 4777 740 4861 vivuut3
773 4777 856 4844 idem
879 4786 927 4842 est
948 4776 988 4842 de
1010 4776 1129 4865 aliquot
1156 4780 1339 4867 regionibus
1369 4783 1559 4872 reliquarum
1581 4785 1666 4854 dioe-
1756 4775 1761 4789 ’

219 4884 343 4966 cerium,
378 4903 456 4970 quae
489 4904 525 4950 eo
558 4881 640 4949 inter
672 4905 705 4950 se
739 4882 903 4966 differunt,
935 4891 970 4948 ut
1003 4881 1036 4948 in
1068 4885 1236 4972 majoribus
1267 4896 1300 4953 et
1328 4890 1509 4977 praesertim
1532 4890 1668 4980 antiquis

1447 5034 1462 5084 5
