3925 5609
333 457 384 521 itt

332 624 587 712 responderent.“
631 617 793 687 Indultum
817 613 891 700 1011,
925 632 959 687 01
981 611 1129 687 dioecesis
1152 609 1330 707 Osnabrug.
1354 615 1466 685 erectio
1484 609 1724 708 suspenderetur
1745 624 1776 681 et

332 730 488 794 interdum
519 753 537 793 a
577 728 639 792 Vic.
672 752 740 815 pera.
774 727 982 812 Osnabrugae
1016 725 1170 791 residente
1202 723 1476 794 administraretur.
1537 724 1625 790 Haec
1660 725 1775 788 dotatio

331 833 423 900 realia
446 832 485 896 ad
507 832 624 898 exitum
647 832 798 922 perducta
821 841 961 896 nonest.

418 940 446 1002 6.
479 936 518 1000 In
540 959 642 1023 regno
667 935 762 1000 multa
785 935 971 999 exstiterunt
993 933 1178 1000 monasteria
1202 933 1355 996 catholica
1381 934 1480 998 omnis
1509 935 1652 1020 generis,
1688 957 1775 1021 quae,
1817 985 1818 992 ,

332 1042 405 1106 dum
427 1065 479 1122 ea,
514 1064 595 1127 quae
617 1041 655 1105 ad
678 1039 961 1127 protestantismum
986 1061 1018 1102 se
1041 1048 1271 1117 converterant,
1305 1038 1463 1124 usquead
1487 1049 1626 1103 nostrum
1657 1053 1776 1126 tempus

331 1154 510 1211 conservata
532 1155 622 1226 sunt,
640 1146 696 1211 etsi
720 1143 759 1208 ad
782 1144 859 1208 alios
882 1143 969 1223 linea,
994 1142 1163 1208 saecularia
1185 1153 1258 1206 sunt
1281 1142 1411 1207 reddita.
1458 1142 1601 1222 Quorum
1626 1145 1705 1207 bona
1727 1145 1777 1206 ad·
1817 1179 1818 1192 .

331 1251 545 1314 ministrantur
567 1249 605 1313 ab
628 1250 730 1313 officio
752 1247 893 1337 publico,
928 1246 1010 1335 quod
1039 1259 1163 1312 vocatur
1196 1245 1503 1326 ,Klosterkammer“
1538 1247 1685 1333 (Camere
1713 1272 1774 1312 rno-

314 1353 557 1437 .nasteriorum).
600 1352 731 1418 Reditus
754 1375 874 1416 annuus
897 1362 945 1417 001
970 1354 1107 1417 552122
1131 1350 1215 1430 thal,
1239 1373 1255 1414 e
1278 1351 1389 1436 quibus
1411 1373 1468 1438 pro
1491 1351 1558 1415 sela
1578 1353 1776 1418 universitate
1817 1411 1818 1432 ,

332 1458 532 1543 Gottingensi
566 1468 691 1543 protest.
726 1456 892 1543 quotannis
925 1456 1147 1542 impenduntur
1183 1455 1315 1534 temet
1352 1455 1442 1534 thal,
1484 1479 1542 1544 pro
1578 1457 1663 1522 cultu
1698 1459 1775 1523 ceth.

331 1563 492 1648 utriusque
515 1561 666 1626 dioecesis
688 1584 715 1624 a.
740 1561 824 1626 1863
847 1570 968 1624 tentum
991 1561 1108 1639 46,006
1132 1559 1193 1639 th.,
1227 1559 1339 1646 reliqui
1364 1561 1534 1625 maximum
1557 1584 1615 1648 pro
1639 1563 1721 1626 cultu
1743 1575 1776 1627 et
1817 1597 1818 1658 1

331 1666 535 1731 instructione
557 1675 684 1754 protest
1377 1753 1381 1764 .
1817 1667 1818 1692 ³

418 1771 446 1835 7.
468 1769 630 1857 Episcopi,
654 1769 794 1854 quemvis
817 1768 936 1854 aliquot
958 1767 1094 1832 existant
1119 1766 1326 1831 restrictiones
1348 1777 1380 1831 et
1400 1766 1556 1832 interdum
1580 1769 1705 1834 difficile
1725 1771 1774 1852 sit,

329 1875 362 1939 in
383 1897 491 1962 regno,
515 1874 602 1959 cujus
625 1885 745 1938 veteres
769 1885 872 1961 partes
896 1882 1021 1959 protest.
1046 1885 1118 1936 sunt
1141 1883 1173 1937 et
1188 1883 1393 1958 protestantes
1408 1861 1473 1937 fere
1489 1872 1631 1939 omnibus
1647 1875 1774 1960 alicujus
1817 1885 1818 1970 1

330 1975 480 2044 momenti
502 1978 610 2043 officiis
633 1978 764 2065 publicis
786 1978 968 2062 funguntur,
997 1959 1088 2040 suurn
1112 1977 1261 2040 ecclesiae
1284 1965 1453 2043 catholicae
1472 1977 1523 2062 jus
1547 1978 1659 2060 tribui,
1683 2003 1773 2066 gene·

331 2086 436 2149 raliter
457 2081 701 2170 jurisdictionem
723 2081 892 2147 secundum
911 2082 962 2167 jus
983 2101 1148 2144 commune
1165 2080 1261 2145 libere
1276 2080 1439 2145 exercendi
1454 2091 1608 2168 potestate
1624 2083 1772 2148 10000100.
1817 2087 1818 2174 1

417 2190 447 2253 8.
471 2187 734 2274 Rapistraatates
756 2186 895 2250 01011100
917 2183 1060 2272 parochis
1083 2197 1251 2270 geruntur,
1275 2185 1327 2272 qui
1351 2185 1517 2270 quotannis
1541 2209 1648 2282 eorum
1673 2189 1771 2276 copias

329 2303 391 2357 tam
415 2290 629 2358 Ordinariatui
653 2313 744 2378 quam
769 2289 931 2356 Gubernio
955 2287 1088 2352 tradunt.
1817 2361 1818 2382 3

416 2399 446 2461 9.
478 2395 636 2483 Beneficia
666 2396 760 2480 longe
791 2393 926 2482 plurima
953 2392 1071 2460 liberae
1101 2404 1173 2480 sunt
1202 2393 1392 2474 collationis3
1433 2396 1598 2482 parochiae
1631 2397 1667 2461 110
1705 2421 1773 2462 con·

329 2503 485 2581 feruntur,
518 2500 572 2586 qui
598 2500 629 2562 10
662 2521 816 2564 concursu
845 2497 1001 2584 generali,
1037 2497 1200 2583 quotannis
1231 2498 1420 2564 instituendo
1449 2501 1614 2587 approbati
1645 2503 1773 2568 fuerunt.

210 2596 214 2600 .
329 2606 510 2690 Antequam
533 2627 606 2669 vero
630 2603 813 2668 beneficium
837 2603 934 2666 ullum
958 2603 1146 2682 conferatur,
1171 2604 1253 2688 repis
1274 2603 1465 2689 confirmatae
1485 2604 1567 2670 atteia
1588 2621 1713 2693 oportet.

418 2710 467 2773 10.
505 2707 625 2773 Titulus
646 2708 851 2774 ordiaetrbaia
872 2707 915 2769 ita
940 2706 1153 2782 constituitur,
1186 2718 1221 2769 ut
1250 2729 1268 2768 a
1298 2707 1432 2794 quodam
1461 2731 1642 2796 possessore
1673 2711 1772 2797 magni

330 2811 451 2900 praedii
473 2811 622 2898 obligatio
646 2812 735 2876 detur
758 2821 811 2876 aut
833 2811 1050 2898 patrimonium
1074 2809 1250 2896 hypotheca
1273 2823 1427 2876 oneretur.

322 2968 324 2971 .
416 2918 467 2982 ll.
506 2916 599 2982 Boea
632 2916 833 2982 ecclesiastica
866 2913 1122 2980 administrantur
1158 2914 1324 2978 secundum
1359 2916 1410 3000 jus
1448 2939 1625 2999 commune3
1669 2919 1770 2983 iisdem

329 3021 453 3086 tributis
482 3021 659 3104 subjacent,
694 3043 786 3106 quam
817 3020 946 3106 reliqua.
998 3018 1127 3084 Tribeta
1157 3019 1357 3086 ecclesiactica
1388 3045 1450 3086 non
1480 3023 1618 3088 existunt
1652 3037 1770 3112 praeter

328 3127 557 3214 eleemosynam
578 3136 718 3212 tempore
740 3123 1000 3211 quadragesimali
1024 3147 1042 3188 a
1065 3123 1223 3188 catholicis
1246 3145 1306 3186 non
1330 3126 1519 3213 pauperibus
1542 3149 1597 3215 pro
1629 3113 1769 3193 institutis

328 3230 516 3296 dioecesanis
538 3229 716 3315 (seminario
739 3231 810 3314 cet.)
834 3227 968 3293 dandam
992 3237 1023 3292 et
1045 3249 1090 3307 ea,
1118 3249 1196 3314 quae
1219 3228 1250 3292 in
1273 3228 1403 3314 singulis
1426 3232 1696 3298 communitatibus
1718 3239 1767 3320 pro

326 3333 558 3400 necessitatibus
581 3333 795 3398 ecclesiasticis
817 3332 966 3398 solvenda
988 3332 1070 3398 10100
1093 3332 1257 3396 catholicos
1281 3333 1468 3400 dividuntur.
1523 3336 1655 3402 elaeae
1683 3340 1766 3402 irater·

327 3439 463 3517 catara,
488 3437 626 3503 deductis
649 3436 924 3502 administrationis
946 3436 1107 3523 expensiS,
1139 3437 1279 3502 beneficii
1304 3438 1393 3503 fiunt.
1817 3497 1818 3512 ,

416 3543 464 3607 12.
497 3542 626 3608 Salaciae
647 3542 840 3606 clamatores
863 3541 944 3605 cath.
968 3539 1147 3605 Ordinariio
1170 3543 1317 3622 subsunt,
1353 3543 1406 3629 qui
1439 3544 1601 3630 magistros
1634 3545 1767 3623 instituit,
1817 3527 1818 3606 1

327 3655 510 3733 cooperante
535 3646 784 3729 „Consistorio“;
808 3645 949 3731 magistri
971 3658 1003 3710 et
1024 3646 1148 3710 scholae
1168 3647 1207 3712 ab
1223 3647 1385 3714 ordinariis
1401 3649 1616 3736 inspiciuntur.
1655 3652 1763 3718 Omnes
1817 3609 1818 3704 l

328 3750 452 3815 scholae
480 3749 680 3816 elementares
709 3750 880 3815 secuudum
909 3750 1116 3816 confessiones
1147 3749 1365 3816 discernantur
1399 3753 1493 3840 (Vide
1518 3754 1606 3840 leges
1633 3759 1680 3822 14.
1703 3756 1763 3821 Oct.
1817 3761 1818 3828 1

331 3855 426 3932 1848,
457 3857 511 3918 26.
540 3853 617 3918 Maii
641 3854 748 3940 1845).
796 3854 972 3942 Gpeteuaa'a
996 3854 1192 3940 (quibuscum
1215 3856 1341 3921 scholae
1364 3858 1461 3922 reales
1485 3871 1557 3924 sunt
1579 3859 1765 3946 conjunctae)

330 3981 349 4022 a
371 3957 544 4022 Ministerio
564 3967 735 4043 reguntur,
759 3956 879 4022 llildes.
903 3978 978 4022 vero
1000 3968 1047 4024 est
1069 3959 1252 4046 episcopale.
1817 3995 1818 4002 .

415 4063 465 4137 13,
490 4060 677 4128 Ocreatbtoria
700 4063 844 4145 (formata
868 4087 885 4126 a
908 4061 1065 4126 catholicis
1088 4064 1297 4128 sacerdotibus
1320 4075 1351 4128 et
1373 4065 1527 4132 directore
1547 4066 1761 4151 jureconsulto)

331 4174 464 4230 tractent
486 4176 616 4230 externa
637 4165 832 4247 scholarum,
856 4189 961 4230 causas
985 4167 1240 4250 matrimoniales,
1264 4191 1312 4234 000
1335 4170 1438 4234 civiles
1461 4172 1651 4240 clericorum.
1696 4174 1763 4240 Sunt
1817 4181 1818 4230 ἶ

328 4290 405 4335 vero
427 4269 529 4336 officia
550 4271 662 4336 civilia.

1018 4470 1024 4484 .
1070 4421 1120 4485 86.

532 4537 577 4607 Α.
622 4539 798 4606 Dioecesis
824 4549 959 4608 emente
987 4425 1205 4611 1111010οἱ01οἱ0
1239 4539 1576 4632 (1111010010100).

414 4685 560 4752 Fundata
589 4711 608 4752 a
634 4687 797 4754 Ludoviec
826 4687 885 4753 Pio
915 4712 943 4752 a.
973 4692 1038 4775 822
1069 4691 1203 4778 primum
1233 4693 1351 4782 reecpit
1380 4696 1567 4782 episcopum.
1629 4695 1759 4780 Subjcctt

329 4800 397 4855 erat
418 4790 485 4856 sedi
507 4790 720 4878 Mogentinee.
765 4792 1758 4866 Α180300000100100001011100.182400011101001010000·

329 4894 445 4984 scripta
466 4904 522 4960 cst.
566 4894 706 4976 Quartus
729 4897 842 4963 exinde
864 4897 1025 4987 episcopus
1049 4911 1112 4965 est:
1467 4949 1475 4974 .
1817 4937 1818 4992 p
