3925 5609
300 437 317 488 8

298 601 388 657 vatus
417 590 637 679 aliquempiam
658 611 675 656 e
695 587 904 656 sacerdotibus
927 590 960 654 in
983 590 1096 656 tabella
1123 589 1257 678 receptis
1279 597 1477 676 praesentare
1496 599 1608 678 potest.
1667 590 1769 659 Vide

299 697 428 786 amplius
452 697 491 762 de
513 698 573 762 hac
594 719 647 761 re:
671 694 845 762 Schulte
868 693 1014 760 Manuale
1030 695 1111 781 juris
1133 693 1339 760 ecclesiastici
1384 693 1495 760 Gissae
1520 697 1611 762 1863.
1642 701 1674 781 ξ.
1704 700 1765 764 74.

388 804 418 866 4.
453 801 507 869 Uti
539 825 579 868 ex
608 800 715 868 tabula
744 799 787 866 Π.
821 800 852 864 in
884 801 1054 888 appendice
1081 801 1182 891 posita
1210 809 1341 888 apparet
1373 809 1478 865 tantus
1511 799 1628 887 ubique
1662 804 1765 870 adest

300 916 510 995 patronorum,
529 905 681 994 imprimis
697 905 897 992 privatorum,
921 929 1078 986 numerus,
1101 915 1137 971 ut
1157 904 1314 993 Episcopi,
1337 903 1444 993 paucis
1459 905 1580 970 casibus
1595 906 1763 994 imprimis
1821 950 1828 1008 ¹,

302 1022 482 1102 patronatus
504 1011 596 1078 realis
620 1010 767 1099 exceptis,
797 1032 926 1075 revera
950 1010 1110 1076 minimam
1133 1010 1165 1075 in
1187 1009 1342 1075 beneficiis
1365 1009 1556 1097 providendo
1578 1011 1640 1077 vim
1664 1037 1766 1079 exer·
1827 1012 1828 1019 '

186 1167 190 1180 .
302 1140 371 1184 cere
400 1117 526 1206 possint.
583 1115 665 1182 Nam
697 1114 915 1180 difficillimum
946 1137 1027 1193 esse,
1064 1115 1163 1180 ullum
1193 1137 1321 1204 prorsus
1353 1114 1559 1196 ,inhabilem“
1592 1117 1759 1182 declarare

302 1233 387 1289 tanto
410 1222 510 1310 magis
533 1229 670 1312 apparet,
695 1231 811 1307 quanto
835 1219 948 1286 certius
971 1229 1026 1302 est,
1050 1241 1191 1304 examen,
1222 1219 1260 1284 de
1283 1243 1345 1307 quo
1367 1221 1479 1308 agitur,
1510 1223 1573 1287 fere
1594 1246 1756 1310 nusquam

301 1328 470 1414 rigorosius
493 1349 567 1393 esse.
612 1325 661 1391 Ita
683 1325 726 1406 fit,
749 1335 783 1390 ut
806 1347 955 1415 persaepe
978 1326 1160 1408 sacerdotes,
1184 1325 1238 1412 qui
1260 1348 1365 1391 curam
1387 1337 1533 1392 exercent
1554 1328 1586 1391 in
1601 1328 1757 1416 parochia

301 1433 433 1524 patroni,
458 1431 510 1521 qui
533 1454 626 1498 unam
649 1441 769 1496 tantum
793 1441 845 1496 aut
867 1454 980 1518 paucas
1003 1431 1096 1497 habet
1118 1429 1264 1497 ecclesias
1283 1429 1379 1520 ipsius
1395 1432 1571 1520 patronatui
1586 1434 1756 1519 subjectas,

302 1560 402 1626 usque
429 1537 468 1602 ad
498 1561 524 1601 a.
557 1539 655 1602 50¹³¹¹¹¹¹
680 1536 832 1627 capellani
862 1559 991 1602 munere
1013 1537 1194 1622 fungantur,
1223 1536 1275 1601 alii
1298 1545 1372 1602 ante
1402 1537 1503 1602 3οΜ
1526 1538 1608 1603 vitae
1631 1561 1754 1604 annum

303 1643 432 1734 parochi
454 1642 538 1707 fiant.
583 1641 666 1708 Hinc
688 1641 882 1710 sacerdotum
906 1642 1052 1729 penuria!
1082 1640 1179 1728 Cujus
1202 1641 1332 1706 aliaest
1355 1664 1447 1706 causa
1468 1665 1585 1708 merces
1607 1643 1753 1732 profecto

302 1749 414 1815 misera
447 1747 676 1836 capellanorum
710 1759 740 1814 et
774 1757 821 1814 tot
850 1746 1070 1837 parochorum,
1104 1747 1193 1813 labor
1215 1769 1290 1813 vero
1311 1745 1422 1832 ingens
1456 1746 1654 1815 nullomodo
1677 1771 1758 1814 con-

302 1876 418 1942 gruens
441 1876 542 1941 neque
564 1853 676 1918 salario
698 1875 799 1940 neque
822 1852 992 1918 conditioni
1015 1860 1172 1920 externae.

391 1962 419 2024 5.
453 1958 582 2024 Fructus
604 1958 741 2024 omnium
765 1958 977 2045 beneficiorum
994 1959 1229 2046 parochialium
1250 1958 1459 2037 intercalares,
1490 1957 1628 2023 deductis
1651 1959 1755 2024 admi-

303 2063 494 2130 nistrationis
526 2075 557 2130 et
587 2065 624 2129 iis
655 2063 809 2150 expensis,
841 2086 920 2150 quae
941 2064 981 2128 ad
1012 2063 1103 2129 aedes
1125 2062 1307 2128 reficiendas
1336 2062 1435 2128 aliave
1457 2062 1569 2128 similia
1588 2063 1757 2132 faciendae

303 2181 374 2236 sunt
405 2192 507 2256 neque
539 2170 577 2234 ab
607 2168 770 2234 heredibus
803 2169 944 2234 civilibus
966 2169 1117 2256 praestari
1141 2167 1264 2250 debent,
1294 2167 1326 2231 in
1357 2168 1489 2234 fundum
1510 2169 1600 2257 relig.
1623 2191 1756 2236 conver-

302 2283 418 2340 tuntur.
463 2273 597 2340 Fructus
619 2273 819 2340 intercalares
841 2274 1088 2363 praebendarum
1106 2273 1332 2363 capitularium,
1356 2295 1435 2362 quae
1450 2297 1580 2340 emessa
1594 2276 1755 2341 communi

302 2379 525 2468 percipiuntur,
557 2379 749 2467 reliquorum
780 2401 797 2444 e
819 2402 920 2444 massa
947 2379 1200 2468 participantium
1222 2376 1413 2467 praebendas
1436 2390 1568 2467 angent;
1591 2379 1638 2445 sin
1660 2403 1754 2468 prae-

304 2483 423 2550 bendae
447 2507 464 2551 e
486 2507 586 2550 massa
608 2495 751 2575 separata
774 2484 885 2550 dentur
907 2495 960 2549 aut
982 2507 1000 2550 ο
1021 2484 1117 2551 fundo
1140 2484 1311 2573 religionis,
1340 2483 1413 2550 huie
1434 2485 1532 2551 fundo
1554 2484 1753 2553 addicuntur.

978 2682 1005 2760 s.
1049 2680 1078 2742 c.

887 2826 943 2893 De
975 2824 1165 2912 Episcopis.

389 3012 417 3075 l.
440 3010 586 3098 Episcopi
610 3010 784 3076 dioecesani
806 3010 846 3076 ab
869 3009 1062 3097 Imperatore
1084 3009 1150 3097 (qui
1172 3033 1210 3076 ex
1230 3019 1286 3074 art.
1302 3008 1395 3076 XIX.
1419 3009 1574 3078 Concord.
1598 3013 1752 3094 ,Antisti-

301 3123 367 3178 tum
389 3114 540 3203 imprimis
562 3114 867 3204 comprovincialium
890 3115 1015 3180 consilio
1036 3115 1176 3202 ntetnr“)
1198 3119 1408 3193 nominantur,
1432 3117 1568 3204 exceptis
1601 3118 1634 3206 1)
1657 3119 1750 3206 episc.

302 3219 480 3299 Secoua'erasa',
503 3221 538 3306 2)
560 3220 747 3300 Lacautc'uo,
772 3241 848 3308 quos
870 3220 1019 3308 Archiep.
1043 3219 1290 3307 salisburgensis
1311 3220 1458 3303 nominat,
1482 3219 1653 3303 confirmat,
1676 3247 1749 3289 con-

302 3334 412 3407 secrat,
448 3326 480 3412 3)
514 3325 674 3406 Garamsi,
711 3347 803 3412 quem
838 3327 957 3391 dnobus
990 3326 1107 3390 vicibus
1140 3325 1316 3414 Imperator
1348 3325 1483 3415 archiep.
1517 3325 1748 3414 Salisburgensi

300 3439 488 3519 praesentat,
513 3431 601 3496 tertia
622 3431 690 3496 vice
713 3431 849 3520 archiep.
873 3429 985 3497 Salisb.
1008 3430 1159 3513 nominat,
1180 3431 1214 3516 4)
1229 3432 1364 3519 archiep.
1380 3431 1493 3500 Salisb.
1512 3441 1544 3498 et
1566 3432 1600 3519 5)
1615 3433 1747 3521 archiep.

303 3533 514 3617 Olomncensi,
538 3559 629 3623 quem
653 3546 818 3626 utrumque
840 3535 986 3624 Capitula
1009 3537 1154 3602 canonico
1177 3534 1307 3624 eligunt.

388 3643 418 3706 2.
452 3639 563 3708 Meusa
596 3644 777 3730 ephaopalis
810 3642 1018 3708 diversissima
1050 3651 1105 3706 est.
1167 3641 1313 3730 Oouqrua
1345 3641 1573 3730 Episcopornm
1606 3663 1645 3706 ex
1677 3642 1748 3729 lege

301 3744 382 3809 civili
417 3756 561 3812 censetur
595 3747 733 3812 tusco
767 3748 798 3812 fl.
832 3771 872 3812 m.
907 3770 934 3812 a.
967 3746 1273 3835 archiepiscoporum
1309 3748 1468 3814 18.9000
1497 3746 1527 3810 fl.
1583 3745 1647 3826 Qui
1676 3747 1746 3835 plus

300 3849 425 3933 habent,
456 3851 519 3940 71),
548 3860 687 3940 proceni.
717 3851 882 3934 redituum,
917 3875 996 3940 quos
1026 3851 1262 3934 confessisunt,
1297 3851 1337 3916 ad
1359 3852 1491 3918 fundum
1514 3850 1604 3938 relig.
1627 3850 1747 3919 solvere

299 3964 455 4022 tenentur.

387 4061 416 4128 3.
452 4060 545 4127 Taua
567 4083 707 4127 camerae
729 4069 781 4125 aut
803 4060 865 4126 fixa
888 4069 934 4126 est
957 4070 1011 4124 ant
1040 4060 1160 4148 quovis
1173 4082 1245 4126 casn
1268 4059 1421 4144 definitur,
1456 4061 1566 4148 quodsi
1589 4083 1744 4150 compares

299 4163 453 4231 dioeceses
476 4164 666 4234 Germaniae
687 4165 833 4252 reliquas,
856 4164 957 4230 minor
980 4187 1047 4232 esse
1068 4165 1191 4231 videtur
1211 4187 1269 4253 pro
1291 4166 1460 4232 austriacis.

387 4271 417 4336 4.
440 4270 589 4361 Episcopi
611 4270 753 4359 singulae
775 4281 875 4336 terrae
899 4269 1119 4350 hereditariae,
1150 4271 1204 4336 ubi
1233 4271 1384 4338 dioecesis
1406 4272 1466 4337 sita
1488 4281 1545 4353 est,
1574 4272 1605 4336 vi
1635 4272 1742 4339 consti-

299 4373 425 4441 tutionis
448 4391 585 4443 statuum
605 4376 744 4444 membra
767 4385 840 4441 sunt
861 4399 930 4441 cuua
952 4389 1018 4441 coto
1040 4376 1135 4442 cirili.
1179 4375 1335 4466 Exceptio
1357 4377 1390 4441 in
1412 4385 1534 4442 tantum
1547 4377 1643 4460 adest,
1663 4377 1741 4464 quod
1825 4416 1826 4421 κ

299 4480 432 4570 archiep.
467 4481 683 4548 Olomncensis
717 4490 837 4547 tantum
870 4480 903 4544 in
937 4480 1039 4553 diaeta
1069 4480 1236 4563 Moraviae,
1270 4503 1333 4548 non
1363 4481 1502 4563 Silesiae,
1535 4482 1588 4567 jus
1617 4481 1740 4548 sedendi
1825 4516 1826 4541 r

298 4584 401 4668 habet,
436 4586 509 4651 dum
540 4585 677 4674 archiep.
709 4584 956 4674 Salisburgeusis
987 4595 1049 4651 tam
1082 4586 1117 4651 in
1139 4584 1251 4656 Salisb.
1284 4609 1378 4675 quam
1404 4586 1438 4652 in
1460 4586 1628 4674 Tyrolensi
1649 4588 1738 4654 sedet.

299 4689 362 4770 Qui
375 4691 521 4782 Episcopi
534 4691 692 4780 Principis
713 4691 803 4759 titulo
826 4692 964 4781 gaudent
986 4691 1277 4778 (Wramtaviauu,
1299 4690 1438 4772 Brixia,
1467 4690 1611 4774 Eridane,
1634 4692 1738 4772 Scaea,
1825 4700 1826 4707 ’

299 4796 442 4877 Lauaut,
468 4796 571 4877 Gara,
595 4797 780 4886 Labaceus.)
803 4806 833 4863 et
855 4818 961 4863 omncs
984 4795 1225 4885 Archiepiscopi
1254 4818 1294 4862 ex
1317 4796 1397 4885 legis
1425 4797 1662 4875 fundamentalis
1684 4796 1737 4862 litt.

296 4911 413 4991 patent.
425 4905 477 4968 26.
489 4900 582 4968 Febr.
596 4904 674 4969 186¹
694 4903 865 4992 publicatae
881 4906 908 4987 ξ.
923 4903 953 4968 4.
968 4901 1002 4967 in
1019 4902 1141 4984 ,Domo
1153 4900 1382 4978 Dominarum
1399 4903 1641 4994 (Herrenhaus),
1658 4900 1736 4991 quod
