3925 5609
323 459 364 511 IV

332 641 409 693 cunr
451 621 517 694 alia
544 622 782 695 intercedente
810 620 913 694 facile
942 620 1041 695 nobis
1056 621 1373 718 persuadebimus,
1411 622 1489 718 qnid
1524 625 1558 694 in
1596 623 1703 695 altera
1744 624 1796 696 sit

330 743 534 816 mutandum.
587 744 679 817 Nihil
704 767 851 840 unquam
879 744 1104 839 periculosius
1131 754 1196 836 est,
1237 767 1336 840 quam
1374 767 1492 818 errare
1520 745 1562 816 de
1591 747 1631 817 iis
1658 745 1793 835 rebu5‚

330 887 417 958 qnae
446 868 544 938 unice
573 866 742 952 efficiunt„
770 875 804 937 nt
832 874 938 938 status
957 875 1077 937 natura
1096 877 1193 939 recte
1211 867 1431 958 intelligatur.
1486 867 1565 940 Non
1584 867 1659 939 sola
1679 867 1793 957 cleriq

330 985 589 1077 beneficiorum,
617 987 834 1082 templorum,
853 987 1111 1077 monachorum„
1131 990 1374 1081 religiosarum
1394 992 1637 1063 numerositate
1657 989 1793 1060 eccle-

332 1109 415 1181 siam
443 1110 477 1178 in
506 1108 618 1203 aliquo
645 1112 821 1181 territorio
846 1109 967 1201 liorem
985 1119 1134 1199 constat3
1162 1113 1267 1183 vitam
1285 1114 1394 1205 ipsam
1422 1113 1537 1208 popnh
1556 1133 1635 1185 esse
1655 1110 1794 1182 catho-

333 1229 432 1300 licam
460 1240 623 1324 oportere
660 1231 797 1326 planum
831 1238 894 1301 est.
948 1229 1126 1305 Ecclesiae
1154 1231 1230 1304 linis
1258 1235 1395 1304 minime
1423 1241 1488 1323 cst„
1526 1242 1561 1303 nt
1583 1231 1793 1303 hierarchia

332 1372 531 1436 numerosa,
568 1352 731 1447 opulenta
760 1354 898 1443 existat
931 1355 1033 1424 immo
1059 1362 1096 1425 ut
1122 1355 1151 1426 is
1179 1354 1266 1426 adsit
1293 1355 1501 1426 clericorum
1528 1376 1706 1443 numerus„
1744 1377 1795 1425 ea

333 1474 454 1563 vigeat
479 1473 691 1544 hierarchiae
718 1472 872 1564 libertasq
901 1496 964 1544 cae
993 1485 1132 1569 praesto
1160 1478 1226 1547 sint
1253 1497 1352 1570 opes„
1380 1499 1478 1571 quas„
1506 1499 1550 1547 ne
1578 1476 1645 1546 ulla
1665 1499 1706 1547 re
1741 1477 1794 1547 ad

334 1594 586 1688 assequendum
604 1593 706 1665 finem
725 1596 788 1689 ipsi
808 1593 1019 1690 propositum
1039 1606 1167 1688 careat,
1188 1598 1336 1670 ecclesia
1361 1598 1535 1694 possideat
1553 1608 1605 1670 est
1623 1621 1793 1671 necesse.

288 1714 290 1717 ’
437 1714 493 1786 llx
520 1718 574 1806 iis„
612 1718 667 1810 qui
704 1714 831 1810 publici
854 1719 942 1808 juris
970 1727 1050 1791 sunt
1075 1717 1171 1809 iacti,
1198 1719 1308 1811 libris,
1336 1743 1464 1814 neque,
1492 1723 1521 1794 si
1549 1730 1678 1791 certam
1707 1723 1796 1793 siu-

334 1836 447 1927 gulam
475 1837 673 1927 dioecesim,
699 1859 812 1932 neque
837 1839 940 1910 multo
968 1841 1092 1931 minus,
1120 1844 1149 1913 si
1168 1842 1348 1916 dioeceses
1368 1840 1576 1914 Germaniae
1603 1841 1663 1914 vel
1682 1842 1795 1914 ullius

335 1958 437 2052 ampli
464 1961 627 2030 territorii
665 1951 845 2052 intuearis}
886 1983 944 2063 res
972 1960 1075 2032 modo
1103 1962 1300 2055 designatas
1333 1968 1413 2036 satis
1449 1967 1599 2059 perspici
1642 1972 1793 2036 constat.

336 2079 551 2172 Permagnns
579 2082 952 2168 „aebemntdemornm“,
980 2083 1240 2167 „elenchorum‘
1266 2094 1322 2156 ant
1349 2087 1528 2180 quotannis
1556 2095 1614 2155 ant
1638 2083 1794 2158 bienniis

338 2203 494 2274 trienniis
530 2212 595 2276 cet.
622 2206 868 2298 impressorum
897 2227 1062 2278 numerus
1089 2204 1167 2276 fere
1204 2207 1287 2279 nihil
1314 2209 1477 2296 continet,
1518 2228 1619 2301 quarn
1646 2209 1790 2278 nomina

337 2320 554 2414 clericorum
595 2325 856 2417 beneficiorumq
898 2326 1023 2400 nudum
1061 2331 1251 2400 animarum
1286 2350 1475 2401 numerum.
1543 2329 1652 2400 Deest
1682 2330 1790 2401 iniis

341 2445 605 2539 „conspectum
636 2471 824 2542 congruus,
866 2473 996 2524 summa
1038 2449 1236 2522 dillicultate
1276 2453 1415 2522 notitiae
1454 2450 1535 2522 inde
1575 2451 1788 2522 hauriuntur·

338 2566 460 2662 Neque
488 2591 577 2640 vero
605 2573 628 2642 ii
656 2570 849 2664 huJusmodi
877 2573 968 2665 libri,
997 2577 1051 2670 qui
1079 2575 1216 2644 minime
1243 2573 1405 2646 cancellis
1431 2582 1500 2646 tam
1526 2574 1681 2665 angustis
1709 2582 1792 2644 sunt

339 2693 596 2788 circumscripti
645 2693 687 2766 de
716 2695 870 2769 omnibus
897 2695 1014 2780 rebus,
1055 2716 1139 2790 quas
1166 2716 1270 2789 supra
1299 2697 1407 2786 attigb
1444 2695 1611 2766 lectorem
1636 2691 1791 2765 reddunt

338 2816 531 2886 certiorem.
600 2814 757 2908 Catalogi
797 2818 1008 2891 dioecesium
1050 2816 1279 2886 emunctam
1312 2815 1389 2888 lere
1417 2818 1564 2890 omnium
1598 2814 1680 2886 mihi
1707 2836 1789 2886 esse

337 2935 499 3010 videntur
542 2941 669 3034 optimi.
713 2938 837 3031 'Quae
878 2940 919 3010 ad
961 2937 1211 3032 dijudicandum
1252 2921 1373 3012 statum
1415 2940 1560 3029 cujusve
1600 2935 1788 3031 parochiae

337 3059 593 3154 particularem,
636 3061 782 3133 relative
824 3062 866 3134 ad
908 3063 1052 3152 clerum,
1094 3060 1232 3133 ordines
1273 3059 1478 3151 religiosos,
1524 3058 1681 3155 populum
1718 3068 1788 3130 cet.

344 3183 527 3276 pertinent
556 3185 642 3256 scitu
670 3183 774 3277 digna
802 3185 863 3256 vel
891 3186 1092 3257 necessaria
1115 3192 1205 3272 sunt„
1234 3183 1420 3254 continent.
1474 3179 1632 3271 Catalogi
1651 3201 1789 3274 quoque

341 3302 468 3397 aliquot
494 3305 653 3378 Austriae
687 3307 897 3381 dioecesium
925 3305 1175 3400 quodammodo
1204 3305 1386 3376 excellunt.
1442 3302 1512 3374 Sed
1532 3302 1610 3375 dnm
1629 3301 1789 3395 plerique

340 3425 489 3519 catalogi
528 3426 685 3500 bavarioi
713 3431 814 3501 etiam
842 3437 963 3502 statum
991 3427 1107 3523 populi
1134 3428 1337 3518 religiosum
1377 3448 1441 3520 pro
1479 3434 1577 3520 parte
1607 3422 1788 3514 exhibentq

338 3547 466 3621 frustra
494 3552 529 3620 in
558 3552 723 3643 catalogis
751 3552 950 3640 austriacis„
989 3547 1176 3621 borussicis
1203 3549 1327 3621 aliisve
1355 3547 1397 3620 dc
1427 3546 1530 3622 rebus
1557 3547 1787 3638 gravissimis„

339 3679 455 3766 utpote
481 3671 523 3742 de
549 3675 784 3764 unatrimoniis,
812 3693 956 3746 numero
985 3669 1172 3742 liberorum
1198 3671 1430 3762 legitimorum
1459 3678 1494 3740 et
1519 3669 1786 3760 illegitimornm

338 3775 658 3867 communicantium
694 3804 758 3868 cet.
795 3797 949 3866 notitiam
986 3795 1135 3887 qnaeris
1199 3793 1275 3864 Hae
1312 3814 1400 3863 vero
1433 3812 1492 3862 res
1520 3792 1629 3885 primo
1658 3809 1720 3884 per
1745 3810 1786 3859 se

338 3936 402 3988 nos
426 3917 551 4006 juvant
577 3919 611 3988 in
640 3925 728 3991 statu
757 3914 991 4008 dijudicand03
1020 3912 1166 4005 accedit,
1203 3914 1294 4009 qnod
1321 3914 1567 3998 „ammonens
1594 3931 1679 4005 qrras
1705 3931 1786 3980 res-

336 4034 494 4132 publicae
522 4036 637 4128 edunt‚
666 4039 769 4133 plane
789 4038 875 4112 alios
895 4046 1083 4132 sequuntur
1101 4034 1189 4107 fines
1209 4045 1243 4107 et
1263 4036 1444 4106 maximam
1465 4042 1613 4129 partem„
1642 4031 1676 4103 id
1697 4031 1786 4124 quod
1828 4102 1829 4117 ¹

335 4160 370 4230 in
398 4161 501 4233 terris
528 4169 562 4233 et
589 4159 801 4253 regionibus,
828 4159 885 4232 ubi
913 4159 1071 4234 catholici
1099 4180 1175 4229 curn
1202 4156 1402 4228 acatholicis
1424 4157 1619 4251 permixtim
1645 4152 1785 4243 degunt„

335 4283 456 4355 summi
483 4291 536 4354 est
562 4284 736 4374 momenti,
764 4285 798 4352 in
826 4281 1093 4355 conscribendis
1121 4281 1273 4351 numeris
1299 4277 1428 4351 nullum
1447 4275 1490 4347 ad
1510 4284 1640 4349 ‘statum
1669 4273 1786 4345 eccle-

336 4404 507 4476 siasticum
547 4402 673 4476 habent
713 4413 916 4499 respectum.
985 4397 1118 4491 Quodsi
1160 4401 1309 4493 catalogi
1349 4400 1425 4473 illas
1466 4420 1523 4470 res
1560 4399 1784 4484 continerent

336 4523 508 4597 horinon
536 4534 662 4620 potest,
690 4536 725 4599 nt
752 4526 795 4598 ad
823 4499 971 4598 omhinm
992 4523 1176 4596 deveniant
1203 4525 1368 4612 notitiam
1397 4522 1522 4616 quippe
1542 4540 1642 4613 quum
1663 4518 1786 4610 aliquot

328 4656 438 4749 'extra
480 4647 648 4722 dioecesis
690 4648 847 4740 singulae
888 4647 974 4722 lines
1015 4646 1091 4718 fere
1125 4666 1299 4740 nunqnam
1335 4641 1559 4735 egrediantur
1586 4651 1621 4713 et
1647 4641 1783 4712 summis

335 4777 464 4842 tantum
499 4772 663 4866 expensis
701 4771 828 4865 acquiri
866 4771 1007 4866 possint.
1078 4766 1140 4840 Sin
1178 4776 1291 4841 autem
1326 4765 1414 4837 haec
1442 4763 1675 4859 superaveris,
1716 4783 1780 4833 non

336 4892 492 4984 cujusvis
520 4900 583 4983 est,
612 4891 654 4964 ad
682 4915 724 4965 ea
753 4895 867 4966 omnia
894 4891 1086 4984 attendere„
1114 4912 1202 4987 quae
1229 4888 1345 4962 lumen
1372 4887 1528 4960 afferunt.
