3925 5609
1631 465 1665 520 93

220 619 294 686 00010
319 618 451 686 11010010
471 616 629 706 propriam
651 617 753 685 habet
809 617 873 686 Pro
901 617 1044 685 omnibus
1072 639 1146 685 vero
1175 617 1339 706 hospitium
1368 619 1558 690 sacerdotum
1585 621 1665 689 Nao-

220 727 328 813 burqia'
350 724 462 812 (dioec.
486 724 636 811 August.)
660 724 846 790 destinatum
869 734 926 790 est

880 920 908 1000 0
952 917 1004 981 ea.

810 1059 866 1127 De
897 1057 1074 1150 beruliciia.

306 1248 335 1311 1.
371 1248 517 1334 0000100
539 1245 744 1332 parochorum
767 1243 923 1330 generalis
945 1252 992 1306 est
1014 1244 1078 1308 600
1101 1243 1130 1307 11.
1154 1243 1272 1333 [eadem
1302 1256 1348 1310 est
1372 1249 1661 1335 ,evangelicorumt

213 1349 389 1427 coelibum,
420 1353 483 1416 800
513 1357 664 1436 ,evang.“
696 1346 923 1436 maritoruml],
945 1347 1138 1434 reliquorum
1162 1349 1413 1416 beneficiatorum
1437 1353 1501 1416 400
1523 1353 1553 1418 11.
1575 1355 1661 1422 11100.

214 1456 279 1522 Ubi
303 1456 422 1520 reditus
446 1454 584 1520 beneficii
606 1442 750 1541 proprius
773 1476 944 1540 congruam
967 1476 1032 1519 000
1056 1453 1124 1534 dat,
1155 1453 1338 1542 plerumque
1361 1456 1399 1520 ab
1423 1459 1541 1522 aerario
1565 1461 1662 1524 subsi-

213 1561 302 1625 dium
333 1562 508 1647 praebetur.
562 1557 718 1624 Beneficia
751 1570 855 1624 curata
885 1558 1020 1646 plurima
1051 1558 1139 1624 bonis
1173 1558 1380 1624 immobilibus
1412 1575 1483 1626 sunt
1516 1564 1660 1646 fundata,

212 1665 300 1754 apud
324 1665 462 1750 singulas
486 1663 642 1730 dioeceses
665 1674 792 1747 constat,
817 1674 891 1751 quot
913 1663 974 1728 alio
997 1661 1089 1728 modo
1112 1663 1310 1728 sustinentur.
1355 1665 1441 1730 Inter
1463 1689 1497 1731 se
1513 1667 1661 1734 beneficia

212 1771 319 1858 quoad
341 1769 477 1834 reditum
500 1768 591 1832 valde
615 1767 770 1834 differunt.

301 1879 332 1940 2.
363 1873 533 1939 Parochiae
562 1873 742 1960 reliquaque
769 1872 916 1938 beneficia
938 1873 971 1936 in
993 1872 1116 1937 titulum
1147 1872 1357 1937 conferuntur.
1413 1873 1612 1963 Capellauiae
1635 1903 1658 1943 s.

211 1978 348 2044 vicariae
371 1961 486 2043 multae
507 1977 655 2044 beneficia
677 1989 757 2042 suut.
802 1976 960 2042 Beneficia
982 1976 1134 2065 simplicia
1158 1999 1265 2062 eaque,
1288 2001 1367 2063 quae
1389 1978 1429 2043 ad
1443 1983 1659 2066 praestandam

211 2105 387 2169 congruam
421 2105 484 2147 000
518 2081 683 2162 sufficiunt,
720 2106 789 2147 cum
821 2082 889 2147 aliis
923 2083 1008 2146 unita
1033 2082 1229 2146 inveniuntur
1251 2093 1304 2146 001
1332 2083 1365 2146 10
1388 2083 1507 2150 casibus
1528 2087 1659 2175 singulis

209 2193 415 2254 conteruntur
439 2187 638 2270 beneficiatis,
662 2210 795 2274 quorum
821 2187 1002 2253 beneficium
1026 2188 1126 2252 minus
1149 2209 1287 2274 congrua
1309 2186 1409 2254 habet.

300 2295 331 2358 3.
358 2293 496 2360 Collatia.
535 2293 676 2356 Vacante
692 2291 842 2358 beneficio
860 2293 976 2358 liberae
993 2291 1163 2357 collationis
1179 2291 1325 2378 petitores
1341 2293 1518 2382 episcopum
1535 2297 1657 2380 adeunt,

210 2411 342 2464 vacante
358 2399 506 2466 beneficio
524 2397 695 2466 collationis
707 2398 810 2484 regiae
828 2397 1078 2485 pergnbernium
1097 2397 1204 2462 circuli
1215 2397 1347 2483 Regem,
1369 2410 1496 2465 vacante
1512 2403 1657 2468 beneficio

205 2504 471 2594 jurispatronatus
502 2502 616 2592 privati
645 2513 813 2591 patronum
842 2513 964 2589 rogant.
1021 2501 1153 2568 Collatia
1181 2502 1279 2566 libera
1307 2504 1461 2589 gubernio
1492 2509 1658 2572 communi-

210 2620 311 2690 catur,
333 2618 369 2673 ut
391 2607 593 2696 confirmetur.
638 2607 835 2674 Gubemium
860 2606 1033 2694 petitiones,
1058 2629 1153 2694 quum
1175 2607 1213 2671 de
1227 2607 1374 2695 parochia
1388 2621 1508 2695 agatur,
1531 2636 1656 2699 semper,

210 2737 311 2800 quum
334 2714 373 2779 de
405 2714 466 2778 alio
497 2712 644 2779 beneficio
667 2722 787 2800 agatur,
821 2711 1499 2798 00000001001000001011000010111100110
1523 2739 1658 2782 eommu-

209 2820 305 2900 nicet,
330 2829 371 2900 ut,
395 2818 421 2882 si
445 2841 524 2906 quae
548 2818 694 2907 excipere
716 2817 802 2898 velit,
826 2816 917 2880 dieat.
962 2815 1169 2881 Patronorum
1191 2816 1380 2902 privatorum
1396 2823 1657 2906 praesentationes

209 2936 264 2990 aut
287 2947 344 3013 per
365 2925 563 3012 gubernium,
586 2935 640 2988 aut
660 2947 717 3011 per
738 2934 913 3012 patronum,
937 2933 991 2986 aut
1013 2945 1070 3010 001
1093 2923 1194 3010 ipsum
1216 2933 1441 3011 praesentatum
1466 2926 1504 2990 011
1519 2927 1657 3016 episcopi

211 3054 321 3096 manus
354 3031 554 3119 perveniunt,
599 3028 805 3092 institutiones
841 3027 929 3114 regia
962 3027 1192 3092 confirmatione
1225 3029 1377 3114 indigent.
1442 3029 1656 3098 Conventione

210 3135 294 3200 inter
327 3135 533 3201 Ministerium
566 3134 689 3220 regium
724 3143 755 3198 01
788 3133 962 3221 Episcopus
995 3156 1021 3196 a.
1059 3133 1142 3198 1854
1179 3133 1257 3197 inita
1291 3135 1395 3221 (10οο1.
1429 3159 1574 3225 suprema
1596 3137 1656 3202 diei

210 3241 263 3305 28.
287 3237 375 3326 Sept.
407 3240 503 3326 1854)
536 3223 686 3304 statutum
716 3250 771 3320 001,
802 3248 838 3303 01
870 3261 977 3304 omnes
1012 3239 1183 3326 parochiae,
1218 3238 1366 3303 beneficia
1398 3224 1654 3330 praedicatorum,

212 3345 350 3408 curatiae
383 3345 507 3431 (quibus
537 3344 679 3409 imminet
706 3345 757 3430 jus
779 3343 882 3432 ipsum
912 3367 1024 3408 munus
1048 3343 1213 3409 exercendi
1243 3343 1433 3431 parochiale)
1466 3346 1501 3410 iis
1536 3357 1655 3413 tantum

212 3452 422 3533 conserantur,
457 3451 509 3538 qui
546 3451 577 3514 in
610 3453 753 3516 examine
789 3473 952 3515 concursus
984 3449 1105 3536 probati
1138 3450 1207 3515 0101.
1262 3448 1333 3513 Ηο0
1367 3471 1496 3516 examen
1528 3452 1658 3535 singulis

211 3556 347 3623 bienniis
369 3555 401 3619 in
425 3556 548 3621 civitate
571 3555 736 3642 episcopali
760 3577 864 3619 coram
887 3554 1101 3618 commissione
1123 3554 1162 3617 ab
1186 3553 1352 3619 Ordinario
1374 3556 1539 3643 composita
1554 3557 1657 3623 locum

211 3661 322 3742 babet;
350 3659 563 3726 commissioni
586 3659 717 3725 intereat
738 3657 965 3725 referendarius
988 3681 1006 3722 a
1027 3658 1179 3744 gubernio
1202 3658 1307 3722 circuli
1330 3660 1547 3743 nominandus,
1570 3663 1656 3747 cujus

212 3776 260 3830 est
282 3763 476 3846 examinare,
510 3787 586 3828 num
620 3764 774 3828 candidati
800 3764 907 3848 ejure
928 3762 1053 3850 publico
1076 3761 1238 3850 [imprimis
1272 3785 1307 3828 re
1328 3765 1526 3847 scholastica,
1561 3766 1656 3831 admi-

211 3870 397 3936 nistratione
417 3893 522 3936 rerum
544 3869 641 3957 spirit.
666 3880 697 3935 et
712 3868 929 3957 temporalium
944 3867 1069 3949 000100,
1091 3888 1125 3932 10
1140 3869 1324 3958 pauperum]
1349 3869 1522 3952 didicerint,
1546 3872 1657 3958 quibus

211 3973 311 4038 curati
334 3974 486 4062 indigent.
532 3975 674 4041 Examen
697 3975 807 4041 eccles.
829 3975 951 4041 easdem
975 3997 1025 4039 res
1049 3975 1194 4054 eontinet,
1218 3997 1311 4060 quam
1334 3974 1416 4042 alibi.
1440 4015 1481 4024 -

300 4078 422 4158 Tabula
443 4079 488 4143 II.
513 4079 610 4164 docet,
633 4081 766 4146 existere
789 4090 1008 4168 patronatuum
1031 4078 1269 4161 multitudinem,
1291 4079 1388 4144 multo
1412 4101 1482 4144 vero
1505 4080 1656 4146 minorem

210 4207 306 4271 quam
328 4183 359 4247 10
383 4184 519 4265 Austris,
556 4185 695 4272 singulas
717 4210 790 4253 vero
813 4187 965 4254 dioeceses
988 4189 1070 4254 inter
1092 4211 1126 4253 se
1147 4187 1281 4252 maxime
1303 4183 1437 4250 differre.
1461 4223 1504 4236 -

298 4289 338 4354 10
371 4291 516 4377 capitulas
547 4291 775 4357 cathedralibus
807 4293 949 4358 omnibus
982 4291 1205 4378 Praepositum
1239 4290 1410 4356 collationis
1443 4302 1491 4356 cst
1524 4291 1656 4379 Papalis,

208 4395 333 4460 Dacaua'
362 4394 500 4482 dignitas
531 4407 561 4462 et
591 4401 790 4464 concuicatur
819 4398 974 4465 mensibus
997 4397 1160 4486 papalibus
1184 4396 1320 4461 vacaturi
1342 4399 1548 4463 uomiuatioue
1569 4399 1657 4484 rapio

209 4502 430 4584 conferentem
453 4502 566 4590 reliqui
589 4505 785 4572 canonicatus
808 4506 983 4571 alternatim
1009 4507 1106 4573 tribus
1129 4506 1287 4571 mensibus
1311 4502 1349 4564 ab
1367 4500 1534 4569 Ordinario
1558 4501 1655 4566 libere

210 4605 422 4687 conferuntur,
445 4605 544 4672 tribua
568 4607 636 4673 aliis
660 4609 810 4675 electione
833 4608 958 4697 capituli
978 4609 1020 4674 iis
1041 4610 1242 4700 providetur;
1265 4628 1371 4680 omnes
1393 4629 1467 4672 vcro
1488 4609 1657 4672 0100110100

209 4709 309 4776 libere
333 4711 372 4775 ab
395 4709 571 4776 Ordinariis
594 4713 795 4779 conferuntur
818 4712 1018 4802 (Concordat.
1043 4723 1099 4778 art.
1125 4712 1190 4800 X.).

296 4817 326 4880 4.
360 4812 492 4880 Fructus
513 4818 715 4884 intercalares
745 4817 963 4885 beneficiorum
987 4818 1124 4883 omnium
1147 4818 1185 4884 de
1207 4815 1318 4904 regula
1347 4815 1481 4882 fabricae
1510 4816 1657 4882 ecclesiae

208 4919 402 5010 respectivae
424 4919 611 5006 tribuuntur,
634 4945 731 5010 quum
754 4931 866 5010 agatur
888 4924 928 4990 de
944 4921 1094 4990 beneficio
1110 4934 1216 4989 eurato
1233 4922 1371 4988 deductis
1386 4921 1657 5020 administratiopis
