3925 5609
1633 457 1649 512 7

192 617 286 684 sibus
309 637 424 704 magna
444 614 665 705 parochiarum
687 637 761 705 pars
783 613 902 682 nullam
924 622 1048 703 praeter
1069 618 1134 685 420
1154 615 1186 684 fl.
1209 638 1227 684 s
1249 613 1347 683 suado
1368 613 1461 703 relig.
1483 613 1650 684 solvendos

194 721 391 788 dotationem
413 720 509 786 fixam
532 720 655 786 habent.

289 881 318 944 2.
344 876 478 943 Perochi
500 874 617 964 ubique
640 873 787 942 canonice
809 878 1021 942 inumtiuntur.
1065 877 1193 944 Praeter
1214 875 1378 966 parochias
1401 897 1474 941 vero
1496 899 1568 942 raro
1591 875 1652 941 alia

195 980 357 1064 beneficia,
387 1003 468 1068 quae
497 979 624 1070 proprie
646 979 751 1046 vocari
779 991 918 1068 possunt,
955 983 1100 1049 existunt.
1153 981 1325 1072 Capellani,
1349 989 1563 1070 cooperatores
1586 987 1643 1045 cet.

198 1089 238 1154 do
262 1086 374 1174 regula
396 1084 580 1152 beneficium
602 1107 667 1150 non
690 1085 814 1151 habent.
869 1085 1036 1152 Mittuntur
1066 1096 1119 1152 aut
1147 1087 1289 1176 parochis
1319 1086 1504 1174 petentibus,
1539 1084 1651 1172 quibus

200 1214 282 1257 onus
304 1191 342 1256 iis
365 1188 538 1256 necessaria
572 1189 711 1276 (victum,
745 1188 980 1280 habitationem)
1015 1190 1270 1257 subministrandi
1300 1201 1331 1256 et
1361 1199 1477 1256 certam
1499 1211 1651 1254 summam

190 1293 344 1386 'solvendi
364 1293 523 1375 incumbit,
555 1303 606 1358 aut
641 1315 658 1359 e
687 1293 929 1376 fundationibus,
961 1295 988 1360 si
1011 1318 1091 1384 quae
1114 1296 1258 1378 existant,
1291 1305 1346 1361 aut
1378 1317 1395 1361 e
1429 1293 1525 1359 fundo
1558 1292 1651 1380 relig.

200 1399 376 1465 mercedem
410 1397 563 1486 recipiunt
596 1397 629 1464 iu
664 1397 702 1462 iis
735 1398 820 1481 locis,
851 1400 904 1466 ubi
933 1424 1014 1466 unus
1044 1401 1190 1490 pluresve
1220 1399 1370 1491 capellani
1393 1398 1496 1464 adsint
1518 1407 1650 1488 oportet,

201 1503 344 1572 beneficii
365 1526 438 1570 vero
461 1502 579 1569 reditus
602 1502 641 1568 ad
665 1503 889 1592 praestandum
919 1505 1063 1570 salarium
1086 1505 1213 1571 minime
1236 1505 1357 1572 suffieit.
1410 1503 1530 1570 Eodem
1553 1502 1648 1568 modo

200 1619 336 1692 curatur,
367 1631 464 1697 quum
487 1607 651 1696 parochus,
682 1606 856 1676 sufficiente
878 1609 917 1674 ad
947 1611 1006 1674 hoc
1034 1611 1137 1676 reditu
1161 1633 1277 1693 carens,
1313 1609 1421 1676 morbo
1444 1607 1571 1674 affectus
1593 1627 1650 1694 pro

198 1723 340 1802 temporo
362 1735 468 1779 curam
489 1734 602 1800 gerere
625 1733 687 1777 non
709 1711 815 1800 possit.

288 1870 317 1934 3.
350 1869 519 1936 Perochiae
541 1870 641 1938 omnis
663 1869 786 1956 generis
819 1870 856 1936 iis
879 1879 1000 1936 tantum
1031 1871 1275 1958 committuntur,
1307 1871 1362 1960 qui
1393 1873 1537 1938 examine
1567 1867 1649 1955 quod

197 1983 331 2040 vocatur
353 1998 513 2042 mneururs
529 1975 733 2062 parochialis,
757 1975 838 2040 intra
859 1977 1042 2042 sexennium
1065 1977 1250 2042 antecedens
1273 1976 1435 2066 approbati
1460 1985 1514 2040 aut
1529 1973 1653 2060 dispen-

198 2078 352 2145 sationem
384 2079 455 2167 lege
486 2079 554 2168 ipsa
586 2078 653 2145 sive
686 2079 787 2166 gratia
809 2080 980 2170 episcopali
1003 2082 1094 2163 nacti,
1129 2106 1276 2148 concursu
1304 2081 1419 2146 indicte
1450 2079 1489 2144 de
1522 2077 1653 2145 ecclesia

198 2193 330 2250 vacante
352 2185 516 2274 petierunt.
571 2181 717 2250 Articulo
757 2184 946 2252 Concordati
975 2185 1126 2252 XXIVto
1158 2186 1336 2254 Concursus
1374 2183 1574 2250 Tridentinus
1604 2191 1652 2248 est

198 2289 415 2378 praescriptus.
458 2288 499 2354 In
529 2297 685 2356 conventu
715 2289 933 2378 episcoporum
954 2313 981 2360 a.
1007 2277 1103 2374 1856,
1132 2315 1224 2379 quem
1246 2314 1340 2380 snpra
1362 2288 1542 2371 memoravi,
1564 2310 1651 2352 num.

200 2391 408 2476 XLIII-L,
439 2403 605 2482 sequentes
639 2415 766 2460 normae
789 2395 991 2462 concordatae
1013 2405 1104 2462 sunts
1128 2397 1321 2478 ,Parochiae
1343 2395 1377 2460 in
1400 2393 1485 2459 omni
1504 2391 1651 2459 Austriae

201 2497 338 2586 Imperio
360 2521 424 2565 non
446 2499 506 2564 nisi
528 2496 651 2586 publico
680 2498 799 2566 indicto
830 2520 979 2566 concursu
1010 2503 1217 2567 conferentur.
1273 2499 1460 2568 Tentamina
1482 2521 1499 2561 a
1522 2495 1650 2562 Vicario

202 2602 350 2670 Generali
372 2613 403 2670 et
425 2603 522 2668 trihus
545 2603 585 2668 ad
603 2603 764 2670 minimum
780 2605 1041 2671 examinatoribus
1056 2605 1258 2694 synodalibus
1282 2609 1351 2692 (seu
1365 2600 1649 2695 prosynodalibus),

200 2709 237 2773 ab
260 2707 416 2796 Episcopo
440 2707 641 2795 designandis
664 2708 710 2773 bis
735 2709 784 2776 vel
806 2711 903 2776 semel
933 2711 1042 2777 saltem
1066 2696 1174 2798 quovis
1198 2733 1277 2776 anno
1301 2711 1510 2776 instituantur.
1555 2705 1649 2772 inha-

160 2897 163 2906 ,
200 2813 275 2879 biles
294 2812 425 2899 judicati
447 2821 605 2878 tentamen
627 2813 801 2878 instaurent
823 2825 953 2903 oportet.
999 2817 1062 2896 Qui
1084 2817 1165 2882 bene
1184 2816 1380 2905 perfecerint,
1403 2837 1460 2902 per
1483 2836 1537 2878 accc
1552 2835 1650 2878 onnes

201 2918 237 2982 ad
269 2915 515 2983 concurrendum
545 2939 603 3005 pro
633 2917 790 2984 beneficiis
820 2920 1049 3006 parochialibus
1081 2921 1291 2987 admittentur.
1346 2920 1399 2985 nd
1433 2939 1562 2984 examen
1593 2939 1650 3005 pro

201 3045 350 3090 concursu
379 3019 550 3111 parochiali
580 3043 720 3088 accessus
750 3033 855 3112 pateat
877 3026 1090 3093 sacerdotibus
1120 3026 1239 3092 cunetis
1268 3025 1330 3090 fide
1353 3023 1551 3110 moribusque
1573 3020 1649 3084 inte·

201 3129 273 3214 gris,
297 3136 464 3217 postquam
485 3125 518 3191 in
541 3126 714 3192 animarum
744 3150 850 3193 curam
881 3131 1062 3218 peragendo
1089 3155 1149 3218 per
1170 3132 1337 3196 eusanium
1359 3127 1576 3207 laboraverint,
1598 3125 1651 3190 vel

201 3240 423 3298 sacramentum
445 3231 655 3319 poenitentiae
677 3231 876 3320 dispensandi
899 3234 1078 3303 facultatem
1087 3260 1150 3323 per
1164 3236 1408 3326 quinquennium
1422 3231 1512 3320 potiti
1527 3229 1650 3296 suerint.

201 3334 372 3426 Episcopus
405 3334 497 3414 viris,
533 3337 587 3423 qui
617 3335 763 3403 scientiae
792 3337 842 3403 vel
871 3361 974 3406 rerum
1005 3340 1215 3427 gerendarum
1244 3339 1374 3428 peritiae
1396 3335 1568 3426 specimina
1590 3334 1650 3399 alic

198 3441 258 3526 jam
289 3440 382 3506 modo
413 3438 574 3522 dederunt,
602 3441 782 3529 permittere
803 3452 915 3529 potest,
946 3454 980 3509 ut
1003 3467 1133 3510 examen
1157 3455 1247 3510 extra
1269 3454 1390 3530 tempus
1413 3441 1648 3529 praescriptum,

202 3548 296 3612 forma
328 3555 432 3610 tamen
466 3543 584 3626 debita,
614 3545 752 3610 subeant.
818 3546 946 3631 Cetera,
982 3572 1062 3637 quae
1091 3549 1252 3638 praevium
1282 3549 1342 3613 hoc
1371 3543 1516 3612 scientiae
1549 3554 1646 3610 tenta-

202 3673 268 3716 men
298 3650 445 3730 attinent,
479 3648 608 3714 eoncilia
630 3650 829 3737 provincialia
863 3654 1079 3720 ordinabunt.¹
1115 3655 1278 3723 Concursu
1309 3653 1390 3717 facto
1417 3648 1646 3716 examinatores

203 3755 364 3841 synodales
388 3775 450 3818 non
479 3751 640 3841 pauciores
664 3755 762 3820 tribus
793 3755 831 3820 ab
853 3756 1011 3847 Episcopo
1035 3759 1220 3847 designandi
1246 3758 1373 3824 Vieario
1397 3754 1537 3844 generali
1560 3777 1647 3842 prae-

204 3859 264 3928 side
285 3857 477 3947 Judieebunt,
501 3856 628 3944 quinam
651 3861 868 3948 competitores
890 3863 993 3946 idonei
1016 3864 1086 3931 sint.
1131 3864 1289 3953 Episcopo
1312 3863 1471 3948 integrum
1494 3861 1562 3941 erit,
1585 3883 1645 3943 eos,

206 3987 274 4050 ques
298 3963 525 4030 examinatores
555 3961 683 4028 idoncos
714 3966 975 4051 renunciaverint,
1009 3978 1136 4056 propter
1169 3967 1412 4035 conversationis
1447 3965 1647 4032 sacerdotalis

206 4067 354 4136 defectum
376 4067 555 4156 reprobare,
579 4068 627 4132 vel
651 4068 867 4156 competitores
890 4072 922 4136 in
945 4073 1012 4160 ipso
1036 4097 1189 4141 concursu
1211 4095 1292 4138 novo
1315 4071 1463 4138 scientiae
1485 4069 1649 4135 tentamini

206 4175 358 4261 subjicere,
381 4172 408 4237 si
431 4171 557 4259 quidem
580 4170 624 4235 ita
646 4174 833 4242 conveniens
858 4179 1022 4244 censuerit.
1065 4179 1153 4246 Inter
1174 4178 1304 4246 idoneos
1326 4176 1501 4266 Episcopus
1526 4175 1648 4263 dignio-

207 4299 262 4344 rem
285 4279 406 4365 seligat,
440 4275 596 4364 quemad
624 4277 808 4344 beneficium
836 4293 1020 4370 promoveat
1050 4285 1100 4348 vel
1130 4292 1262 4371 patrono
1296 4280 1520 4348 commendet.“
1578 4279 1648 4344 Hae

207 4404 327 4450 normae
349 4407 367 4446 a
390 4380 527 4448 conciliis
549 4381 789 4471 provincialibus
819 4398 963 4476 receptae
986 4398 1017 4454 et
1046 4388 1149 4475 magis
1171 4387 1345 4452 declaratae
1367 4396 1448 4451 sunt.
1493 4385 1649 4452 Patronus

209 4487 433 4568 ecclesiasticus,
463 4485 640 4574 Imperator
669 4486 805 4573 („lerrae
835 4492 1027 4580 princeps“),
1060 4491 1254 4559 Gubernium
1285 4491 1325 4578 (si
1346 4489 1462 4556 fundus
1484 4489 1574 4576 relig.
1597 4489 1648 4554 vel

210 4594 325 4660 studier.
360 4601 510 4680 patronus
545 4592 602 4678 est)
636 4615 733 4656 unum
755 4619 771 4662 c
793 4597 891 4664 tribus
921 4599 959 4662 ab
990 4597 1145 4684 Episcopo
1178 4597 1212 4662 in
1244 4595 1361 4662 tabella
1394 4593 1648 4661 concurrentium

205 4699 297 4778 princ
322 4701 435 4788 positis
464 4712 662 4791 praesentare
691 4700 794 4768 debet.
851 4700 973 4780 Quodsi
1003 4701 1180 4790 Imperator
1202 4712 1253 4768 aut
1275 4701 1390 4767 fundus
1412 4699 1469 4766 rel.
1493 4699 1544 4765 vel
1566 4698 1648 4765 stud.

211 4810 346 4883 patronus
379 4805 420 4871 sit
442 4806 569 4875 omnino
592 4808 628 4891 is,
663 4807 717 4896 qui
739 4805 839 4894 primo
869 4805 938 4873 loco
968 4805 1085 4894 pesitus
1117 4819 1174 4888 est,
1205 4807 1244 4872 ab
1278 4805 1435 4894 Episcopo
1468 4804 1650 4886 instituitur,

212 4902 262 4972 nisi
281 4909 478 4979 Gubernium
499 4912 539 4978 ob
562 4935 686 4978 eausam
707 4910 868 5001 politicam
890 4933 960 4978 eum
990 4911 1215 5001 reprobaverit.
1258 4911 1416 4978 Patronus
1440 4909 1564 5000 (laicus)
1587 4907 1651 4998 pri-
