<?xml version="1.0" encoding="UTF-8"?>
<!DOCTYPE html PUBLIC "-//W3C//DTD XHTML 1.0 Transitional//EN"
    "http://www.w3.org/TR/xhtml1/DTD/xhtml1-transitional.dtd">
<html xmlns="http://www.w3.org/1999/xhtml" xml:lang="en" lang="en">
 <head>
  <title>
</title>
<meta http-equiv="Content-Type" content="text/html;charset=utf-8" />
  <meta name='ocr-system' content='tesseract 3.04.00' />
  <meta name='ocr-capabilities' content='ocr_page ocr_carea ocr_par ocr_line ocrx_word'/>
</head>
<body>
  <div class='ocr_page' id='page_1' title='image "./statusdioecesiu00schugoog_0103.png"; bbox 0 0 3925 5609; ppageno 0'>
   <div class='ocr_carea' id='block_1_1' title="bbox 542 1739 1346 1832">
    <p class='ocr_par' dir='ltr' id='par_1_1' title="bbox 542 1739 1346 1832">
     <span class='ocr_line' id='line_1_1' title="bbox 542 1739 1346 1832; baseline -0.002 -4"><span class='ocrx_word' id='word_1_1' title='bbox 542 1739 1346 1832; x_wconf 69' lang='lat' dir='ltr'><strong>llunlsonltcnlo.</strong></span> 
     </span>
    </p>
   </div>
   <div class='ocr_carea' id='block_1_2' title="bbox 284 1931 1604 2172">
    <p class='ocr_par' dir='ltr' id='par_1_2' title="bbox 284 1931 1604 2172">
     <span class='ocr_line' id='line_1_2' title="bbox 284 1931 1604 2046; baseline -0.002 -30"><span class='ocrx_word' id='word_1_2' title='bbox 284 1933 461 2016; x_wconf 75' lang='lat' dir='ltr'><strong>Notitiae</strong></span> <span class='ocrx_word' id='word_1_3' title='bbox 493 1933 726 2046; x_wconf 81' lang='lat' dir='ltr'><strong>generales,</strong></span> <span class='ocrx_word' id='word_1_4' title='bbox 758 1955 864 2038; x_wconf 81' lang='lat' dir='ltr'><strong>quae</strong></span> <span class='ocrx_word' id='word_1_5' title='bbox 897 1931 951 2013; x_wconf 92' lang='lat' dir='ltr'><strong>ad</strong></span> <span class='ocrx_word' id='word_1_6' title='bbox 983 1957 1124 2018; x_wconf 90' lang='lat' dir='ltr'><strong>omnes</strong></span> <span class='ocrx_word' id='word_1_7' title='bbox 1155 1935 1231 2017; x_wconf 88' lang='lat' dir='ltr'><strong>iras</strong></span> <span class='ocrx_word' id='word_1_8' title='bbox 1264 1933 1479 2017; x_wconf 79' lang='lat' dir='ltr'><strong>dioeceses</strong></span> <span class='ocrx_word' id='word_1_9' title='bbox 1510 1939 1604 2016; x_wconf 90' lang='lat' dir='ltr'><strong>sunt</strong></span> 
     </span>
     <span class='ocr_line' id='line_1_3' title="bbox 810 2087 1071 2172; baseline 0.015 -4"><span class='ocrx_word' id='word_1_10' title='bbox 810 2087 1071 2172; x_wconf 80' lang='lat' dir='ltr'><strong>referendae.</strong></span> 
     </span>
    </p>
   </div>
   <div class='ocr_carea' id='block_1_3' title="bbox 882 2500 1011 2586">
    <p class='ocr_par' dir='ltr' id='par_1_3' title="bbox 882 2500 1011 2586">
     <span class='ocr_line' id='line_1_4' title="bbox 882 2500 1011 2586; baseline 0.008 -22"><span class='ocrx_word' id='word_1_11' title='bbox 882 2500 913 2586; x_wconf 80' lang='lat'><strong>§-</strong></span> <span class='ocrx_word' id='word_1_12' title='bbox 959 2502 1011 2565; x_wconf 78' lang='lat' dir='ltr'><strong>sc.</strong></span> 
     </span>
    </p>
   </div>
   <div class='ocr_carea' id='block_1_4' title="bbox 670 2645 1219 2736">
    <p class='ocr_par' dir='ltr' id='par_1_4' title="bbox 670 2645 1219 2736">
     <span class='ocr_line' id='line_1_5' title="bbox 670 2645 1219 2736; baseline 0.005 -23"><span class='ocrx_word' id='word_1_13' title='bbox 670 2645 726 2713; x_wconf 86' lang='lat' dir='ltr'><strong>De</strong></span> <span class='ocrx_word' id='word_1_14' title='bbox 753 2645 821 2714; x_wconf 76' lang='lat' dir='ltr'><strong>sitos</strong></span> <span class='ocrx_word' id='word_1_15' title='bbox 847 2655 881 2715; x_wconf 88' lang='lat' dir='ltr'><strong>et</strong></span> <span class='ocrx_word' id='word_1_16' title='bbox 906 2649 1219 2736; x_wconf 64' lang='lat' dir='ltr'><strong>circumscriptione.</strong></span> 
     </span>
    </p>
   </div>
   <div class='ocr_carea' id='block_1_5' title="bbox 218 2841 1668 4173">
    <p class='ocr_par' dir='ltr' id='par_1_5' title="bbox 218 2841 1668 4173">
     <span class='ocr_line' id='line_1_6' title="bbox 308 2841 1666 2931; baseline 0 -23"><span class='ocrx_word' id='word_1_17' title='bbox 308 2842 475 2908; x_wconf 89' lang='lat' dir='ltr'><strong>Dioecescs</strong></span> <span class='ocrx_word' id='word_1_18' title='bbox 508 2851 578 2908; x_wconf 88' lang='lat' dir='ltr'><strong>octo</strong></span> <span class='ocrx_word' id='word_1_19' title='bbox 614 2851 713 2908; x_wconf 88' lang='lat' dir='ltr'><strong>totum</strong></span> <span class='ocrx_word' id='word_1_20' title='bbox 743 2841 834 2927; x_wconf 89' lang='lat' dir='ltr'><strong>regni</strong></span> <span class='ocrx_word' id='word_1_21' title='bbox 867 2841 1002 2905; x_wconf 82' lang='lat' dir='ltr'><strong>bavarici</strong></span> <span class='ocrx_word' id='word_1_22' title='bbox 1036 2842 1221 2908; x_wconf 86' lang='lat' dir='ltr'><strong>territorium</strong></span> <span class='ocrx_word' id='word_1_23' title='bbox 1256 2842 1425 2923; x_wconf 81' lang='lat' dir='ltr'><strong>continent,</strong></span> <span class='ocrx_word' id='word_1_24' title='bbox 1467 2844 1549 2910; x_wconf 88' lang='lat' dir='ltr'><strong>ultro</strong></span> <span class='ocrx_word' id='word_1_25' title='bbox 1583 2841 1666 2931; x_wconf 91' lang='lat' dir='ltr'><strong>qnod</strong></span> 
     </span>
     <span class='ocr_line' id='line_1_7' title="bbox 219 2944 1667 3037; baseline -0.002 -23"><span class='ocrx_word' id='word_1_26' title='bbox 219 2947 466 3035; x_wconf 88' lang='lat' dir='ltr'><strong>Bambergensis</strong></span> <span class='ocrx_word' id='word_1_27' title='bbox 488 2957 608 3012; x_wconf 88' lang='lat' dir='ltr'><strong>tantum</strong></span> <span class='ocrx_word' id='word_1_28' title='bbox 632 2944 866 3012; x_wconf 88' lang='lat' dir='ltr'><strong>archidioecesis</strong></span> <span class='ocrx_word' id='word_1_29' title='bbox 889 2946 1068 3012; x_wconf 80' lang='lat' dir='ltr'><strong>extenditur</strong></span> <span class='ocrx_word' id='word_1_30' title='bbox 1090 2947 1138 3012; x_wconf 91' lang='lat' dir='ltr'><strong>cui</strong></span> <span class='ocrx_word' id='word_1_31' title='bbox 1160 2947 1308 3037; x_wconf 85' lang='lat' dir='ltr'><strong>parochia</strong></span> <span class='ocrx_word' id='word_1_32' title='bbox 1329 2947 1414 3012; x_wconf 87' lang='lat' dir='ltr'><strong>urbis</strong></span> <span class='ocrx_word' id='word_1_33' title='bbox 1440 2949 1574 3036; x_wconf 82' lang='lat' dir='ltr'><strong>Ooborpi</strong></span> <span class='ocrx_word' id='word_1_34' title='bbox 1595 2948 1667 3013; x_wconf 91' lang='lat' dir='ltr'><strong>sub-</strong></span> 
     </span>
     <span class='ocr_line' id='line_1_8' title="bbox 218 3049 1668 3140; baseline -0.001 -21"><span class='ocrx_word' id='word_1_35' title='bbox 218 3054 284 3120; x_wconf 87' lang='lat' dir='ltr'><strong>dita</strong></span> <span class='ocrx_word' id='word_1_36' title='bbox 316 3063 372 3119; x_wconf 90' lang='lat' dir='ltr'><strong>est.</strong></span> <span class='ocrx_word' id='word_1_37' title='bbox 425 3050 577 3139; x_wconf 79' lang='lat' dir='ltr'><strong>Singulae</strong></span> <span class='ocrx_word' id='word_1_38' title='bbox 608 3051 762 3116; x_wconf 76' lang='lat' dir='ltr'><strong>dioeceses</strong></span> <span class='ocrx_word' id='word_1_39' title='bbox 793 3073 862 3116; x_wconf 91' lang='lat' dir='ltr'><strong>cum</strong></span> <span class='ocrx_word' id='word_1_40' title='bbox 894 3049 1016 3118; x_wconf 91' lang='lat' dir='ltr'><strong>circulis</strong></span> <span class='ocrx_word' id='word_1_41' title='bbox 1045 3053 1180 3139; x_wconf 85' lang='lat' dir='ltr'><strong>politicis</strong></span> <span class='ocrx_word' id='word_1_42' title='bbox 1203 3075 1268 3119; x_wconf 91' lang='lat' dir='ltr'><strong>non</strong></span> <span class='ocrx_word' id='word_1_43' title='bbox 1298 3063 1481 3140; x_wconf 87' lang='lat' dir='ltr'><strong>congruunt.</strong></span> <span class='ocrx_word' id='word_1_44' title='bbox 1526 3052 1621 3118; x_wconf 76' lang='lat' dir='ltr'><strong>Inter·</strong></span> <span class='ocrx_word' id='word_1_45' title='bbox 1635 3074 1668 3118; x_wconf 89' lang='lat' dir='ltr'><strong>se</strong></span> 
     </span>
     <span class='ocr_line' id='line_1_9' title="bbox 220 3152 1667 3247; baseline -0.003 -22"><span class='ocrx_word' id='word_1_46' title='bbox 220 3183 258 3225; x_wconf 90' lang='lat' dir='ltr'><strong>ec</strong></span> <span class='ocrx_word' id='word_1_47' title='bbox 281 3159 438 3239; x_wconf 86' lang='lat' dir='ltr'><strong>differunt,</strong></span> <span class='ocrx_word' id='word_1_48' title='bbox 469 3157 552 3244; x_wconf 90' lang='lat' dir='ltr'><strong>quod</strong></span> <span class='ocrx_word' id='word_1_49' title='bbox 568 3152 761 3222; x_wconf 86' lang='lat' dir='ltr'><strong>Monacensis</strong></span> <span class='ocrx_word' id='word_1_50' title='bbox 783 3165 814 3222; x_wconf 88' lang='lat' dir='ltr'><strong>ct</strong></span> <span class='ocrx_word' id='word_1_51' title='bbox 835 3155 1022 3242; x_wconf 87' lang='lat' dir='ltr'><strong>Augustana</strong></span> <span class='ocrx_word' id='word_1_52' title='bbox 1044 3158 1187 3244; x_wconf 83' lang='lat' dir='ltr'><strong>regiones</strong></span> <span class='ocrx_word' id='word_1_53' title='bbox 1209 3158 1329 3247; x_wconf 90' lang='lat' dir='ltr'><strong>alpinas</strong></span> <span class='ocrx_word' id='word_1_54' title='bbox 1353 3158 1519 3224; x_wconf 85' lang='lat' dir='ltr'><strong>continent.</strong></span> <span class='ocrx_word' id='word_1_55' title='bbox 1565 3157 1667 3224; x_wconf 86' lang='lat' dir='ltr'><strong>Gene·</strong></span> 
     </span>
     <span class='ocr_line' id='line_1_10' title="bbox 220 3262 1667 3352; baseline -0.003 -22"><span class='ocrx_word' id='word_1_56' title='bbox 220 3264 333 3332; x_wconf 88' lang='lat' dir='ltr'><strong>raliter</strong></span> <span class='ocrx_word' id='word_1_57' title='bbox 361 3263 515 3328; x_wconf 86' lang='lat' dir='ltr'><strong>dioeceses</strong></span> <span class='ocrx_word' id='word_1_58' title='bbox 550 3262 711 3326; x_wconf 84' lang='lat' dir='ltr'><strong>bavaricae</strong></span> <span class='ocrx_word' id='word_1_59' title='bbox 741 3270 935 3348; x_wconf 86' lang='lat' dir='ltr'><strong>comparatae</strong></span> <span class='ocrx_word' id='word_1_60' title='bbox 964 3285 1033 3328; x_wconf 90' lang='lat' dir='ltr'><strong>cnm</strong></span> <span class='ocrx_word' id='word_1_61' title='bbox 1065 3263 1223 3328; x_wconf 86' lang='lat' dir='ltr'><strong>austriacis</strong></span> <span class='ocrx_word' id='word_1_62' title='bbox 1253 3273 1283 3330; x_wconf 86' lang='lat' dir='ltr'><strong>et</strong></span> <span class='ocrx_word' id='word_1_63' title='bbox 1305 3265 1417 3352; x_wconf 79' lang='lat' dir='ltr'><strong>partim</strong></span> <span class='ocrx_word' id='word_1_64' title='bbox 1450 3285 1576 3352; x_wconf 90' lang='lat' dir='ltr'><strong>quoque</strong></span> <span class='ocrx_word' id='word_1_65' title='bbox 1597 3285 1667 3326; x_wconf 90' lang='lat' dir='ltr'><strong>curn</strong></span> 
     </span>
     <span class='ocr_line' id='line_1_11' title="bbox 220 3366 1667 3455; baseline -0.001 -20"><span class='ocrx_word' id='word_1_66' title='bbox 220 3368 390 3435; x_wconf 88' lang='lat' dir='ltr'><strong>borussicis</strong></span> <span class='ocrx_word' id='word_1_67' title='bbox 413 3367 571 3433; x_wconf 86' lang='lat' dir='ltr'><strong>excellunt</strong></span> <span class='ocrx_word' id='word_1_68' title='bbox 591 3387 708 3452; x_wconf 84' lang='lat' dir='ltr'><strong>magno</strong></span> <span class='ocrx_word' id='word_1_69' title='bbox 731 3366 911 3431; x_wconf 88' lang='lat' dir='ltr'><strong>clericorum</strong></span> <span class='ocrx_word' id='word_1_70' title='bbox 934 3388 1081 3450; x_wconf 84' lang='lat' dir='ltr'><strong>numere,</strong></span> <span class='ocrx_word' id='word_1_71' title='bbox 1111 3368 1349 3449; x_wconf 83' lang='lat' dir='ltr'><strong>beneficiorum,</strong></span> <span class='ocrx_word' id='word_1_72' title='bbox 1372 3367 1554 3455; x_wconf 87' lang='lat' dir='ltr'><strong>praesertim</strong></span> <span class='ocrx_word' id='word_1_73' title='bbox 1577 3391 1667 3455; x_wconf 90' lang='lat' dir='ltr'><strong>paro·</strong></span> 
     </span>
     <span class='ocr_line' id='line_1_12' title="bbox 221 3471 1666 3562; baseline 0 -24"><span class='ocrx_word' id='word_1_74' title='bbox 221 3475 364 3539; x_wconf 81' lang='lat' dir='ltr'><strong>chiorum</strong></span> <span class='ocrx_word' id='word_1_75' title='bbox 393 3471 602 3553; x_wconf 85' lang='lat' dir='ltr'><strong>multitudine,</strong></span> <span class='ocrx_word' id='word_1_76' title='bbox 636 3471 755 3537; x_wconf 90' lang='lat' dir='ltr'><strong>minore</strong></span> <span class='ocrx_word' id='word_1_77' title='bbox 785 3472 924 3538; x_wconf 91' lang='lat' dir='ltr'><strong>circuitu.</strong></span> <span class='ocrx_word' id='word_1_78' title='bbox 983 3473 1104 3553; x_wconf 77' lang='lat' dir='ltr'><strong>Quodsi</strong></span> <span class='ocrx_word' id='word_1_79' title='bbox 1137 3473 1297 3561; x_wconf 85' lang='lat' dir='ltr'><strong>regulares</strong></span> <span class='ocrx_word' id='word_1_80' title='bbox 1330 3473 1487 3562; x_wconf 85' lang='lat' dir='ltr'><strong>respicias,</strong></span> <span class='ocrx_word' id='word_1_81' title='bbox 1521 3495 1666 3538; x_wconf 87' lang='lat' dir='ltr'><strong>numerus</strong></span> 
     </span>
     <span class='ocr_line' id='line_1_13' title="bbox 220 3577 1666 3667; baseline 0.001 -24"><span class='ocrx_word' id='word_1_82' title='bbox 220 3578 438 3666; x_wconf 87' lang='lat' dir='ltr'><strong>religiosorum</strong></span> <span class='ocrx_word' id='word_1_83' title='bbox 460 3577 606 3643; x_wconf 88' lang='lat' dir='ltr'><strong>relativus</strong></span> <span class='ocrx_word' id='word_1_84' title='bbox 628 3577 725 3642; x_wconf 88' lang='lat' dir='ltr'><strong>multo</strong></span> <span class='ocrx_word' id='word_1_85' title='bbox 748 3577 850 3644; x_wconf 85' lang='lat' dir='ltr'><strong>minor</strong></span> <span class='ocrx_word' id='word_1_86' title='bbox 872 3589 927 3661; x_wconf 85' lang='lat' dir='ltr'><strong>est,</strong></span> <span class='ocrx_word' id='word_1_87' title='bbox 952 3601 1045 3666; x_wconf 91' lang='lat' dir='ltr'><strong>quam</strong></span> <span class='ocrx_word' id='word_1_88' title='bbox 1068 3580 1100 3644; x_wconf 92' lang='lat' dir='ltr'><strong>in</strong></span> <span class='ocrx_word' id='word_1_89' title='bbox 1122 3579 1282 3667; x_wconf 90' lang='lat' dir='ltr'><strong>plerisque</strong></span> <span class='ocrx_word' id='word_1_90' title='bbox 1297 3577 1445 3644; x_wconf 84' lang='lat' dir='ltr'><strong>Austrise</strong></span> <span class='ocrx_word' id='word_1_91' title='bbox 1468 3577 1666 3660; x_wconf 86' lang='lat' dir='ltr'><strong>dioecesibus,</strong></span> 
     </span>
     <span class='ocr_line' id='line_1_14' title="bbox 220 3682 1667 3770; baseline -0.003 -20"><span class='ocrx_word' id='word_1_92' title='bbox 220 3685 276 3751; x_wconf 88' lang='lat' dir='ltr'><strong>scd</strong></span> <span class='ocrx_word' id='word_1_93' title='bbox 299 3684 399 3770; x_wconf 84' lang='lat' dir='ltr'><strong>major</strong></span> <span class='ocrx_word' id='word_1_94' title='bbox 429 3705 522 3770; x_wconf 89' lang='lat' dir='ltr'><strong>qnam</strong></span> <span class='ocrx_word' id='word_1_95' title='bbox 546 3682 731 3748; x_wconf 87' lang='lat' dir='ltr'><strong>dioecesium</strong></span> <span class='ocrx_word' id='word_1_96' title='bbox 763 3684 986 3750; x_wconf 90' lang='lat' dir='ltr'><strong>borussicnrum</strong></span> <span class='ocrx_word' id='word_1_97' title='bbox 1018 3685 1224 3751; x_wconf 85' lang='lat' dir='ltr'><strong>orientalium.</strong></span> <span class='ocrx_word' id='word_1_98' title='bbox 1269 3684 1424 3750; x_wconf 90' lang='lat' dir='ltr'><strong>Numerus</strong></span> <span class='ocrx_word' id='word_1_99' title='bbox 1447 3705 1521 3750; x_wconf 83' lang='lat' dir='ltr'><strong>vcro</strong></span> <span class='ocrx_word' id='word_1_100' title='bbox 1543 3682 1667 3768; x_wconf 88' lang='lat' dir='ltr'><strong>religio·</strong></span> 
     </span>
     <span class='ocr_line' id='line_1_15' title="bbox 221 3787 1667 3878; baseline -0.004 -21"><span class='ocrx_word' id='word_1_101' title='bbox 221 3815 325 3858; x_wconf 87' lang='lat' dir='ltr'><strong>sarum</strong></span> <span class='ocrx_word' id='word_1_102' title='bbox 360 3790 495 3856; x_wconf 87' lang='lat' dir='ltr'><strong>caritatis</strong></span> <span class='ocrx_word' id='word_1_103' title='bbox 530 3789 630 3855; x_wconf 89' lang='lat' dir='ltr'><strong>officio</strong></span> <span class='ocrx_word' id='word_1_104' title='bbox 664 3790 839 3856; x_wconf 82' lang='lat' dir='ltr'><strong>deditarum</strong></span> <span class='ocrx_word' id='word_1_105' title='bbox 879 3813 1012 3878; x_wconf 91' lang='lat' dir='ltr'><strong>magnus</strong></span> <span class='ocrx_word' id='word_1_106' title='bbox 1046 3793 1140 3857; x_wconf 87' lang='lat' dir='ltr'><strong>adest.</strong></span> <span class='ocrx_word' id='word_1_107' title='bbox 1186 3787 1439 3877; x_wconf 84' lang='lat' dir='ltr'><strong>Circumscriptio</strong></span> <span class='ocrx_word' id='word_1_108' title='bbox 1472 3787 1667 3868; x_wconf 87' lang='lat' dir='ltr'><strong>dioecesium,</strong></span> 
     </span>
     <span class='ocr_line' id='line_1_16' title="bbox 221 3892 1668 3984; baseline -0.003 -24"><span class='ocrx_word' id='word_1_109' title='bbox 221 3895 401 3984; x_wconf 89' lang='lat' dir='ltr'><strong>compositio</strong></span> <span class='ocrx_word' id='word_1_110' title='bbox 424 3895 630 3982; x_wconf 88' lang='lat' dir='ltr'><strong>capitulorum</strong></span> <span class='ocrx_word' id='word_1_111' title='bbox 653 3905 711 3961; x_wconf 87' lang='lat' dir='ltr'><strong>cet.</strong></span> <span class='ocrx_word' id='word_1_112' title='bbox 733 3895 877 3960; x_wconf 88' lang='lat' dir='ltr'><strong>nituntur</strong></span> <span class='ocrx_word' id='word_1_113' title='bbox 909 3895 941 3960; x_wconf 92' lang='lat' dir='ltr'><strong>in</strong></span> <span class='ocrx_word' id='word_1_114' title='bbox 964 3895 1051 3961; x_wconf 85' lang='lat' dir='ltr'><strong>bulla</strong></span> <span class='ocrx_word' id='word_1_115' title='bbox 1073 3895 1127 3961; x_wconf 82' lang='lat' dir='ltr'><strong>Pe·</strong></span> <span class='ocrx_word' id='word_1_116' title='bbox 1148 3893 1227 3959; x_wconf 89' lang='lat' dir='ltr'><strong>VII.</strong></span> <span class='ocrx_word' id='word_1_117' title='bbox 1274 3895 1355 3982; x_wconf 77' lang='lat' dir='ltr'><strong>„Det</strong></span> <span class='ocrx_word' id='word_1_118' title='bbox 1376 3919 1414 3961; x_wconf 89' lang='lat' dir='ltr'><strong>cc</strong></span> <span class='ocrx_word' id='word_1_119' title='bbox 1435 3893 1582 3961; x_wconf 67' lang='grc' dir='ltr'><strong>Ποπιὶηἱα</strong></span> <span class='ocrx_word' id='word_1_120' title='bbox 1607 3892 1668 3958; x_wconf 88' lang='lat' dir='ltr'><strong>diei</strong></span> 
     </span>
     <span class='ocr_line' id='line_1_17' title="bbox 222 3995 1668 4090; baseline -0.002 -25"><span class='ocrx_word' id='word_1_121' title='bbox 222 4003 248 4066; x_wconf 92' lang='grc'><strong>1.</strong></span> <span class='ocrx_word' id='word_1_122' title='bbox 272 4001 376 4090; x_wconf 88' lang='lat' dir='ltr'><strong>April.</strong></span> <span class='ocrx_word' id='word_1_123' title='bbox 402 4000 495 4084; x_wconf 84' lang='grc'>1818,</span> <span class='ocrx_word' id='word_1_124' title='bbox 517 4012 682 4089; x_wconf 89' lang='lat' dir='ltr'><strong>postquam</strong></span> <span class='ocrx_word' id='word_1_125' title='bbox 704 4002 867 4069; x_wconf 87' lang='lat' dir='ltr'><strong>conventio</strong></span> <span class='ocrx_word' id='word_1_126' title='bbox 890 4003 972 4068; x_wconf 83' lang='lat' dir='ltr'><strong>inter</strong></span> <span class='ocrx_word' id='word_1_127' title='bbox 995 4027 1017 4068; x_wconf 92' lang='lat' dir='ltr'><strong>s.</strong></span> <span class='ocrx_word' id='word_1_128' title='bbox 1039 4002 1222 4068; x_wconf 89' lang='lat' dir='ltr'><strong>Pontificem</strong></span> <span class='ocrx_word' id='word_1_129' title='bbox 1249 4011 1280 4067; x_wconf 89' lang='lat' dir='ltr'><strong>et</strong></span> <span class='ocrx_word' id='word_1_130' title='bbox 1300 4000 1423 4088; x_wconf 89' lang='lat' dir='ltr'><strong>Regem</strong></span> <span class='ocrx_word' id='word_1_131' title='bbox 1447 3998 1509 4065; x_wconf 91' lang='lat' dir='ltr'><strong>diei</strong></span> <span class='ocrx_word' id='word_1_132' title='bbox 1532 4001 1560 4064; x_wconf 86' lang='lat'><strong>5.</strong></span> <span class='ocrx_word' id='word_1_133' title='bbox 1579 3995 1668 4065; x_wconf 87' lang='lat' dir='ltr'><strong>Junii</strong></span> 
     </span>
     <span class='ocr_line' id='line_1_18' title="bbox 221 4106 853 4173; baseline -0.003 -1"><span class='ocrx_word' id='word_1_134' title='bbox 221 4108 305 4173; x_wconf 83' lang='grc'>1817</span> <span class='ocrx_word' id='word_1_135' title='bbox 328 4128 380 4172; x_wconf 87' lang='lat' dir='ltr'><strong>res</strong></span> <span class='ocrx_word' id='word_1_136' title='bbox 402 4106 621 4173; x_wconf 84' lang='lat' dir='ltr'><strong>ecclesiasticas</strong></span> <span class='ocrx_word' id='word_1_137' title='bbox 645 4107 853 4173; x_wconf 86' lang='lat' dir='ltr'><strong>ordinaverat.</strong></span> 
     </span>
    </p>
   </div>
   <div class='ocr_carea' id='block_1_6' title="bbox 881 4303 1008 4384">
    <p class='ocr_par' dir='ltr' id='par_1_6' title="bbox 881 4303 1008 4384">
     <span class='ocr_line' id='line_1_19' title="bbox 881 4303 1008 4384; baseline 0 -18"><span class='ocrx_word' id='word_1_138' title='bbox 881 4305 910 4384; x_wconf 69' lang='lat' dir='ltr'><strong>s.</strong></span> <span class='ocrx_word' id='word_1_139' title='bbox 956 4303 1008 4366; x_wconf 88' lang='lat' dir='ltr'><strong>eo.</strong></span> 
     </span>
    </p>
   </div>
   <div class='ocr_carea' id='block_1_7' title="bbox 752 4441 1135 4517">
    <p class='ocr_par' dir='ltr' id='par_1_7' title="bbox 752 4441 1135 4517">
     <span class='ocr_line' id='line_1_20' title="bbox 752 4441 1135 4517; baseline 0.008 -4"><span class='ocrx_word' id='word_1_140' title='bbox 752 4441 809 4514; x_wconf 84' lang='lat' dir='ltr'><strong>De</strong></span> <span class='ocrx_word' id='word_1_141' title='bbox 834 4456 925 4514; x_wconf 85' lang='lat' dir='ltr'><strong>statu</strong></span> <span class='ocrx_word' id='word_1_142' title='bbox 942 4448 1135 4517; x_wconf 82' lang='lat' dir='ltr'><strong>animorum.</strong></span> 
     </span>
    </p>
   </div>
   <div class='ocr_carea' id='block_1_8' title="bbox 220 4627 1670 5035">
    <p class='ocr_par' dir='ltr' id='par_1_8' title="bbox 220 4627 1668 4824">
     <span class='ocr_line' id='line_1_21' title="bbox 309 4627 1668 4720; baseline -0.001 -25"><span class='ocrx_word' id='word_1_143' title='bbox 309 4632 337 4695; x_wconf 93' lang='grc'><strong>1.</strong></span> <span class='ocrx_word' id='word_1_144' title='bbox 367 4627 514 4716; x_wconf 63' lang='grc' dir='ltr'><strong>Ηεφὼινα</strong></span> <span class='ocrx_word' id='word_1_145' title='bbox 542 4643 639 4694; x_wconf 80' lang='lat' dir='ltr'><strong>statos</strong></span> <span class='ocrx_word' id='word_1_146' title='bbox 669 4630 767 4694; x_wconf 64' lang='lat' dir='ltr'><strong>molle</strong></span> <span class='ocrx_word' id='word_1_147' title='bbox 791 4633 833 4718; x_wconf 66' lang='grc' dir='ltr'><strong>(ξ.</strong></span> <span class='ocrx_word' id='word_1_148' title='bbox 856 4631 900 4717; x_wconf 84' lang='grc'><strong>2.)</strong></span> <span class='ocrx_word' id='word_1_149' title='bbox 925 4631 1132 4696; x_wconf 90' lang='lat' dir='ltr'><strong>conficiuntur</strong></span> <span class='ocrx_word' id='word_1_150' title='bbox 1155 4655 1173 4696; x_wconf 91' lang='lat' dir='ltr'><strong>a</strong></span> <span class='ocrx_word' id='word_1_151' title='bbox 1195 4633 1348 4719; x_wconf 85' lang='lat' dir='ltr'><strong>parochis,</strong></span> <span class='ocrx_word' id='word_1_152' title='bbox 1381 4642 1513 4720; x_wconf 88' lang='lat' dir='ltr'><strong>excepta</strong></span> <span class='ocrx_word' id='word_1_153' title='bbox 1536 4630 1668 4696; x_wconf 88' lang='lat' dir='ltr'><strong>dioecesi</strong></span> 
     </span>
     <span class='ocr_line' id='line_1_22' title="bbox 220 4732 1162 4824; baseline -0.001 -21"><span class='ocrx_word' id='word_1_154' title='bbox 220 4733 374 4823; x_wconf 86' lang='lat' dir='ltr'><strong>Spirensi,</strong></span> <span class='ocrx_word' id='word_1_155' title='bbox 398 4732 452 4799; x_wconf 90' lang='lat' dir='ltr'><strong>ubi</strong></span> <span class='ocrx_word' id='word_1_156' title='bbox 470 4734 522 4819; x_wconf 90' lang='lat' dir='ltr'><strong>jus</strong></span> <span class='ocrx_word' id='word_1_157' title='bbox 544 4734 801 4821; x_wconf 84' lang='lat' dir='ltr'><strong>francogallicum</strong></span> <span class='ocrx_word' id='word_1_158' title='bbox 823 4736 908 4801; x_wconf 86' lang='lat' dir='ltr'><strong>valet</strong></span> <span class='ocrx_word' id='word_1_159' title='bbox 937 4735 1022 4821; x_wconf 77' lang='lat' dir='ltr'><strong>(vide</strong></span> <span class='ocrx_word' id='word_1_160' title='bbox 1045 4741 1072 4820; x_wconf 67' lang='lat'><strong>§-</strong></span> <span class='ocrx_word' id='word_1_161' title='bbox 1096 4738 1162 4824; x_wconf 78' lang='lat'><strong>43).</strong></span> 
     </span>
    </p>

    <p class='ocr_par' dir='ltr' id='par_1_9' title="bbox 222 4838 1670 5035">
     <span class='ocr_line' id='line_1_23' title="bbox 306 4838 1670 4929; baseline -0.001 -23"><span class='ocrx_word' id='word_1_162' title='bbox 306 4843 336 4906; x_wconf 78' lang='lat'><strong>2.</strong></span> <span class='ocrx_word' id='word_1_163' title='bbox 361 4838 400 4903; x_wconf 93' lang='lat' dir='ltr'><strong>In</strong></span> <span class='ocrx_word' id='word_1_164' title='bbox 423 4839 550 4925; x_wconf 88' lang='lat' dir='ltr'><strong>reliquis</strong></span> <span class='ocrx_word' id='word_1_165' title='bbox 572 4849 691 4927; x_wconf 88' lang='lat' dir='ltr'><strong>septem</strong></span> <span class='ocrx_word' id='word_1_166' title='bbox 712 4839 905 4907; x_wconf 86' lang='lat' dir='ltr'><strong>dioecesibus</strong></span> <span class='ocrx_word' id='word_1_167' title='bbox 927 4841 1055 4929; x_wconf 84' lang='lat' dir='ltr'><strong>parochi</strong></span> <span class='ocrx_word' id='word_1_168' title='bbox 1079 4842 1227 4908; x_wconf 84' lang='lat' dir='ltr'><strong>tradunt:</strong></span> <span class='ocrx_word' id='word_1_169' title='bbox 1258 4844 1289 4929; x_wconf 87' lang='lat' dir='ltr'><strong>a)</strong></span> <span class='ocrx_word' id='word_1_170' title='bbox 1313 4841 1447 4906; x_wconf 83' lang='lat' dir='ltr'><strong>tabulam</strong></span> <span class='ocrx_word' id='word_1_171' title='bbox 1469 4862 1584 4919; x_wconf 87' lang='lat' dir='ltr'><strong>corum,</strong></span> <span class='ocrx_word' id='word_1_172' title='bbox 1616 4838 1670 4926; x_wconf 91' lang='lat' dir='ltr'><strong>qui</strong></span> 
     </span>
     <span class='ocr_line' id='line_1_24' title="bbox 222 4941 1669 5035; baseline 0 -27"><span class='ocrx_word' id='word_1_173' title='bbox 222 4965 304 5010; x_wconf 85' lang='lat' dir='ltr'><strong>anno</strong></span> <span class='ocrx_word' id='word_1_174' title='bbox 327 4943 498 5032; x_wconf 84' lang='lat' dir='ltr'><strong>praeterito</strong></span> <span class='ocrx_word' id='word_1_175' title='bbox 520 4945 584 5008; x_wconf 88' lang='lat' dir='ltr'><strong>nati</strong></span> <span class='ocrx_word' id='word_1_176' title='bbox 607 4956 690 5028; x_wconf 84' lang='lat' dir='ltr'><strong>sunt,</strong></span> <span class='ocrx_word' id='word_1_177' title='bbox 712 4945 831 5013; x_wconf 82' lang='lat' dir='ltr'><strong>medico</strong></span> <span class='ocrx_word' id='word_1_178' title='bbox 853 4945 1029 5028; x_wconf 84' lang='lat' dir='ltr'><strong>districtus3</strong></span> <span class='ocrx_word' id='word_1_179' title='bbox 1064 4947 1097 5034; x_wconf 94' lang='lat' dir='ltr'><strong>b)</strong></span> <span class='ocrx_word' id='word_1_180' title='bbox 1120 4947 1221 5014; x_wconf 81' lang='lat' dir='ltr'><strong>cilicio</strong></span> <span class='ocrx_word' id='word_1_181' title='bbox 1243 4943 1370 5035; x_wconf 88' lang='lat' dir='ltr'><strong>politico</strong></span> <span class='ocrx_word' id='word_1_182' title='bbox 1393 4941 1529 5011; x_wconf 83' lang='lat' dir='ltr'><strong>tabulam</strong></span> <span class='ocrx_word' id='word_1_183' title='bbox 1552 4965 1669 5026; x_wconf 87' lang='lat' dir='ltr'><strong>corum,</strong></span> 
     </span>
    </p>
   </div>
   <div class='ocr_carea' id='block_1_9' title="bbox 0 0 1977 5609">
    <p class='ocr_par' dir='ltr' id='par_1_10' title="bbox 0 0 1977 5609">
     <span class='ocr_line' id='line_1_25' title="bbox 0 0 1977 5609; baseline 0 0"><span class='ocrx_word' id='word_1_184' title='bbox 0 0 1977 5609; x_wconf 95' lang='lat' dir='ltr'><strong> </strong></span> 
     </span>
    </p>
   </div>
  </div>
 </body>
</html>
