3925 5609
128 197 224 321 Γ
301 199 305 202 ,

267 637 295 681 c
330 609 460 681 Mau
474 611 608 702 publica
629 607 730 680 omnia
751 611 876 701 generis
898 620 962 679 tam
986 633 1002 678 a
1026 607 1215 681 beneficiatis
1238 631 1333 702 quam
1356 633 1374 678 a
1403 610 1492 680 bonis
1523 613 1631 680 eccles.

181 717 333 783 solvenda
353 727 427 784 sunt
448 718 557 786 eodem
580 718 674 785 modo
696 730 729 784 et
750 741 911 801 mensura,
944 728 980 783 ut
1001 717 1113 805 reliqui
1136 717 1217 783 cives
1240 725 1271 784 et
1294 717 1540 808 corporationes3
1572 718 1632 784 sin·

181 822 306 909 grlaria
327 821 443 890 tributa
464 844 502 890 ex
526 823 616 890 bonis
638 822 804 891 ecclesiast
825 844 888 889 non
910 822 1072 890 debentur.

269 953 300 1019 d.
341 952 471 1020 Tributc
492 953 695 1021 eccla-:astice
717 976 782 1019 non
806 954 960 1036 existunt3
991 974 1070 1040 quae
1093 952 1166 1020 olim
1197 951 1348 1039 vigebant
1378 951 1632 1042 (cathedraticum

129 1108 130 1141 ,
180 1083 205 1123 s.
227 1057 464 1146 synodaticum,
498 1057 670 1124 subsidium
700 1056 856 1139 charitat,
892 1066 1002 1146 quarta
1032 1056 1238 1140 decimarum,
1274 1055 1465 1144 legatorum,
1500 1067 1634 1124 mortua-

129 1156 130 1211 ἶ
179 1164 301 1228 riorum
323 1162 475 1250 apertio
499 1161 659 1249 canonica)
684 1161 750 1247 jam
773 1184 814 1229 ex
837 1161 932 1250 longo
955 1172 1093 1249 tempore
1117 1161 1148 1226 in
1171 1183 1229 1226 usu
1256 1181 1323 1226 esse
1345 1159 1511 1227 desierunt
1556 1161 1634 1228 Pro·

181 1265 358 1332 curationes
381 1287 505 1353 quoque
528 1265 694 1332 canonicae
724 1288 786 1331 non
815 1267 909 1333 modo
939 1265 1066 1354 antiquo
1094 1265 1246 1331 debentur
1275 1264 1329 1331 sed
1360 1265 1394 1330 in
1423 1265 1633 1355 hospitalitate

179 1370 366 1453 consistunt,
389 1370 477 1456 cujus
499 1391 652 1460 expensas
674 1380 729 1438 aut
749 1393 822 1436 arca
843 1370 970 1459 capituli
993 1369 1116 1452 ruralis,
1139 1380 1192 1436 aut
1210 1369 1339 1459 parochi
1352 1368 1501 1438 beneficia
1517 1370 1633 1459 optima

179 1474 395 1562 possidentes,
417 1485 471 1540 aut
492 1474 607 1541 fundus
628 1475 822 1542 intercalaris
844 1475 1065 1542 beneficiorum
1086 1483 1220 1562 portent.

269 1626 298 1672 e.
330 1602 437 1670 Fundi
456 1603 615 1692 concretes
637 1614 726 1671 sunt:
771 1607 803 1691 1)
825 1604 1011 1692 Brisgoviae
1032 1605 1052 1670 1.
1075 1604 1252 1692 religionis,
1287 1606 1321 1692 2)
1344 1613 1408 1672 tres
1429 1601 1518 1670 fundi
1539 1603 1633 1680 inter-

180 1708 285 1790 calar,
310 1709 345 1796 3)
367 1730 446 1774 arca
468 1707 567 1774 eccles.
590 1709 669 1774 aaut
689 1731 802 1797 perer,
827 1731 961 1797 quorum
985 1709 1102 1774 reditus
1126 1710 1165 1775 ad
1185 1730 1236 1773 ens
1253 1709 1421 1798 portandas
1437 1707 1634 1775 necessitates

180 1813 356 1879 destinatus
377 1822 440 1895 est,
472 1833 551 1901 quae
572 1812 651 1880 arilli
673 1813 794 1902 privato
816 1824 875 1880 cet.
898 1835 935 1880 ex
960 1813 1052 1879 titulo
1075 1813 1171 1900 legali
1193 1815 1392 1898 incumbunt,
1422 1835 1470 1879 ex.
1493 1835 1542 1901 gr.
1563 1836 1636 1903 sup·

180 1919 375 2007 plementum
405 1918 445 1983 ad
475 1917 620 1985 ecclesias
654 1917 893 2001 construendas,
927 1917 1092 2008 parochias
1127 1918 1275 1983 dotandas
1309 1927 1366 1985 cet.
1424 1917 1491 1984 Hos
1524 1917 1636 1983 fundos

180 2021 346 2110 generales
368 2033 399 2087 et
420 2021 559 2110 reliquos
582 2021 760 2110 hujusmodi
781 2022 894 2090 fundos
917 2022 1042 2105 eccles,
1074 2025 1128 2114 qui
1156 2025 1191 2088 aba
1222 2047 1334 2111 magno
1364 2021 1479 2090 ducatu
1508 2021 1635 2090 cadens

180 2129 328 2206 esiacum
352 2125 545 2193 administrat
567 2127 723 2215 simulque
744 2127 910 2196 fundorum
934 2127 1081 2193 localium
1105 2127 1328 2218 inspectionem
1351 2127 1435 2218 gerit
1449 2150 1488 2193 ex
1504 2127 1635 2194 ordinat.

180 2231 209 2296 d.
234 2232 289 2296 20.
314 2230 394 2296 Nor.
420 2232 500 2297 1861
527 2231 719 2316 ,Ooraaa'la'um
732 2231 964 2321 fimdctiooum
986 2233 1093 2299 cathol.
1116 2235 1291 2320 superius&
1326 2232 1412 2318 cujus
1434 2232 1575 2300 membra
1596 2231 1636 2296 ab

180 2335 418 2424 archiepiscopo
441 2346 474 2400 et
495 2336 649 2424 gubernio
670 2337 882 2406 instituuntur.
928 2335 1016 2401 Bona
1048 2359 1175 2404 mensae
1197 2337 1307 2425 episc,
1342 2336 1469 2427 capituli
1497 2345 1637 2426 metrop,

180 2439 333 2506 ecclesiae
367 2449 515 2529 metrop,
556 2441 729 2522 seminarii,
771 2451 803 2508 et
835 2440 1002 2508 fundorum
1036 2441 1220 2530 inspectioni
1258 2441 1393 2533 archiep.
1426 2441 1477 2507 rel
1510 2440 1637 2531 capituli

180 2555 318 2633 metrop.
341 2543 517 2612 immediate
550 2546 760 2633 subjectorum
789 2547 828 2610 ab
858 2546 1107 2634 archiepiscopo,
1140 2569 1222 2635 resp.
1252 2546 1387 2636 capitulo
1416 2545 1513 2613 libere
1542 2543 1637 2610 admi·

180 2651 343 2715 nistrstur.
388 2649 478 2717 Bona
500 2651 703 2738 capitulorum
725 2650 878 2718 ruralium
900 2651 1010 2717 abhis
1033 2650 1126 2739 ipsis,
1149 2650 1305 2717 ordinario
1328 2651 1526 2741 inspiciente,
1556 2650 1637 2715 bona

181 2754 408 2822 beneficiorum
432 2755 471 2819 ab
493 2755 568 2844 ipsis
590 2755 787 2838 beneficiatis,
810 2755 987 2820 vacantium
1010 2779 1029 2820 a
1052 2755 1220 2822 camerario
1244 2755 1370 2843 capituli
1391 2754 1512 2838 ruralis,
1535 2763 1637 2820 cetera

181 2863 281 2949 (bone
303 2857 453 2942 fabricae,
487 2859 576 2927 fundi
598 2861 638 2926 ad
660 2860 866 2926 aedificandas
889 2861 1032 2927 ecclesias
1055 2871 1086 2926 et
1108 2861 1216 2928 domos
1243 2860 1451 2949 parochorum
1483 2859 1637 2941 destinati,

181 2966 268 3031 bona
284 2965 535 3053 corporationum
549 2965 731 3055 ecclesiast.)
753 2965 948 3052 singularum
964 2965 1102 3031 locorum
1119 2989 1136 3030 a
1154 2963 1634 3053 ,commabaiouefauadaticorun“

182 3069 587 3158 (Stiltungscommission),
621 3071 701 3136 bona
729 3070 898 3135 fundorum
928 3069 1122 3136 districtuum
1153 3071 1260 3136 eccles.
1279 3093 1308 3134 .a
1337 3070 1470 3158 propriis
1496 3068 1637 3136 commis-

182 3174 324 3240 sionibus
347 3173 610 3240 administrantur.
656 3173 776 3242 Omnes
799 3175 855 3239 has
878 3173 1107 3240 commissiones
1129 3174 1381 3264 archiepiscopus
1403 3184 1435 3239 et
1449 3174 1637 3260 gubernium

183 3279 393 3345 communiter
414 3279 594 3362 instituunt,
628 3279 804 3367 inspiciunt.
850 3278 913 3344 Pro
936 3278 1069 3367 princip.
1093 3279 1328 3346 Hohenaollern
1359 3277 1507 3364 ,coculis
1537 3277 1637 3344 admi·

182 3387 297 3449 auat
321 3383 361 3447 ab
384 3382 540 3451 ordinario
563 3382 703 3449 instituta
724 3394 797 3449 sunt
819 3393 851 3449 et
873 3382 1086 3472 inspiciuntur.

275 3513 453 3581 Secundum
475 3514 726 3580 schematismum
748 3516 866 3582 realem
887 3516 937 3581 cit.
959 3514 1033 3580 anni
1058 3515 1141 3580 1863
1166 3515 1244 3579 bona
1274 3501 1452 3580 immediate
1488 3511 1636 3598 ,consilio

184 3618 309 3686 fundat.
343 3619 422 3683 cath.
456 3628 545 3708 sup.“
579 3620 719 3707 subjecta
751 3620 870 3687 habent
902 3620 1036 3686 reditum
1071 3625 1208 3684 tnnuum
1242 3618 1432 3688 38689211
1465 3639 1635 3706 expensam

184 3747 323 3789 annuam
352 3724 492 3790 283.760
520 3723 568 3806 11.,
602 3733 633 3790 et
666 3734 739 3790 sunt
767 3725 881 3792 valoris
911 3724 1082 3792 7667832
1112 3721 1142 3790 11.
1176 3761 1218 3773 -
1250 3721 1356 3788 Fundi
1385 3721 1446 3787 duo
1474 3721 1636 3809 generales

184 3828 456 3896 hohenrolleriani
497 3828 612 3894 habent
652 3829 716 3895 red.
754 3852 827 3895 ann.
868 3829 964 3895 8366
999 3827 1030 3893 11.
1071 3849 1141 3917 exp.
1181 3849 1253 3892 ann.
1294 3828 1388 3895 5725
1425 3825 1456 3891 11.
1498 3824 1634 3892 valorem

187 3934 328 4000 182226
367 3933 399 3997 fl.
446 3973 490 3984 -
539 3933 643 3999 Fundi
682 3934 889 4023 capitulorum
929 3932 1079 3998 ruralium
1118 3929 1300 3999 badensium
1340 3931 1454 3997 hebent
1497 3929 1633 3996 valorem

185 4037 328 4104 237853
350 4036 395 4118 ih,
417 4037 761 4105 hohensollerianorum
785 4040 910 4106 31742.

843 4287 871 4370 §-
915 4283 968 4352 er.

611 4453 647 4529 Β.
693 4457 867 4528 Dioeceaia
895 4454 1209 4542 Rottemburpensia

271 4696 389 4765 Erecta
418 4707 450 4763 et
478 4695 707 4785 circumscripta
738 4705 785 4762 est
814 4693 924 4776 bullis,
958 4712 1039 4780 quac
1072 4712 1166 4778 supra
1194 4693 1221 4773 §-
1251 4687 1303 4754 79.
1333 4695 1522 4753 memoratae
1550 4695 1632 4752 sunt.

186 4801 318 4869 Constat
354 4824 396 4868 ex
431 4802 571 4890 partibus
606 4801 788 4868 dioesesimn
827 4799 1022 4886 antiquarum
1059 4793 1281 4882 Augustance,
1317 4791 1490 4881 Spirensis,
1535 4791 1631 4857 Wor·

186 4907 345 4976 mettensis
369 4916 400 4972 et
428 4905 664 4998 Herbipolensis
695 4916 795 4974 etex
825 4901 978 4995 parochiis
1009 4899 1048 4965 ad
1081 4919 1256 4989 supressam
1285 4895 1539 4988 Praeposituram
1569 4893 1629 4962 Sti.

1407 5039 1423 5096 9
