3925 5609
1624 449 1677 500 vn

229 609 408 702 paratione
436 606 562 700 dignus
589 606 666 698 sim,
703 625 874 700 uunquam
907 614 1051 698 „statum
1079 605 1294 703 perlectum“
1325 605 1449 680 aditum
1478 610 1518 680 iri
1545 619 1675 682 certum

229 738 282 802 est
309 751 366 820 eo,
396 728 486 823 qnod
513 725 673 824 prolecto
702 725 778 799 lieri
804 749 874 800 uon
902 736 1028 823 potest,
1048 738 1112 818 ut,
1141 739 1321 824 antequam
1349 729 1605 803 fundamentum
1633 736 1677 804 sit

228 853 388 945 positum,
424 852 458 921 iu
488 871 554 945 quo
583 871 647 945 pro
675 848 789 922 loturo
818 871 904 945 opus
932 848 1143 944 perficiatur,
1178 872 1298 926 ornnes
1325 873 1383 926 res
1409 874 1452 925 eo
1481 873 1547 947 quo
1575 851 1676 955 decet

228 970 348 1044 ordine
377 981 411 1044 at
439 981 525 1045 statu
553 970 709 1063 digestae
737 972 770 1042 in
799 990 918 1044 manus
946 973 1044 1040 anias
1070 974 1223 1044 veniant.
1278 972 1336 1044 Ex
1362 973 1438 1047 aliis
1460 972 1675 1047 dioecesibus

229 1093 296 1166 alia
315 1093 575 1182 desiderantur,
604 1093 781 1185 catalogus
802 1095 900 1165 unius
919 1092 1148 1165 tantummodo
1168 1095 1312 1186 singulis
1330 1093 1488 1186 bienniis,
1507 1099 1674 1186 trienniis,

228 1213 458 1309 quadrienniis
495 1223 561 1287 cet.
598 1223 760 1311 apparet3
800 1215 937 1285 notitiae
973 1217 1058 1286 scitu
1086 1219 1307 1289 necessariae
1341 1219 1535 1312 priusquam
1563 1238 1675 1290 novus

228 1336 349 1408 edatur
390 1358 470 1408 raro
511 1334 725 1408 mandantur.
795 1335 894 1424 Quod
935 1337 1092 1430 quamvis
1132 1336 1381 1431 postularetur„
1421 1336 1525 1409 facile
1565 1359 1675 1411 annos

227 1457 561 1552 praeterlaberetnr,
597 1459 715 1552 sicque
743 1457 877 1553 plurimi
905 1459 1038 1528 numeri
1065 1479 1135 1530 uon
1163 1460 1402 1530 convenirent.
1469 1457 1545 1530 lloc
1573 1479 1674 1549 vero,

227 1589 262 1652 et
288 1579 322 1651 id
350 1577 519 1675 estquod
547 1599 654 1675 porro
683 1581 853 1670 attingere
881 1577 1008 1668 debeo,
1037 1600 1099 1673 per
1126 1601 1165 1652 se
1192 1601 1263 1652 noo
1285 1588 1396 1651 nocet.
1442 1577 1529 1652 Nam
1546 1581 1676 1649 onmem

226 1701 382 1788 abaolati,
410 1703 467 1796 qui
495 1710 688 1798 vocantur,
717 1722 798 1772 raro
827 1700 915 1774 aliud
943 1698 1111 1796 praebent
1138 1700 1367 1792 commodum,
1395 1703 1460 1774 nisi
1487 1703 1673 1774 curiositati

225 1823 427 1915 indulgere,
455 1825 583 1893 atameri
610 1823 741 1892 relativi
768 1822 833 1896 soli
861 1822 975 1894 lumen
1004 1821 1164 1911 aderunt,

329 1943 524 2036 Singularis
553 1947 702 2016 occurrit
730 1942 909 2015 difficultas
937 1945 969 2013 in
999 1940 1226 2017 describendo
1254 1939 1523 2032 congregationes
1549 1947 1674 2016 inalie-

224 2088 299 2136 ram
337 2067 522 2152 retiatores.
594 2066 681 2138 Dum
722 2070 875 2142 virorum
920 2066 1213 2156 congregationes
1254 2067 1358 2138 certis
1399 2065 1555 2138 ordinum
1597 2071 1673 2140 sive

226 2187 470 2261 monachornm
500 2191 577 2262 sive
606 2190 811 2261 clericorum
840 2196 904 2258 cet.
933 2185 1065 2277 regulis
1092 2195 1171 2259 suut
1193 2189 1420 2282 conscriptae,
1449 2188 1528 2260 illae
1548 2189 1675 2261 mulie·
1807 2178 1811 2189 ’

225 2332 301 2380 rum
341 2312 632 2402 congregationes
671 2309 841 2382 multoties
877 2307 920 2378 ad
960 2329 1061 2406 uuam
1098 2292 1236 2381 tautum·
1266 2308 1450 2383 dioecesim
1490 2312 1674 2405 pertinent,

227 2453 345 2504 earum
388 2433 533 2524 regulae
575 2452 656 2503 raro
697 2441 773 2506 sunt
804 2427 1007 2526 publicatae.
1078 2427 1163 2500 ludo
1204 2433 1333 2520 evenit,
1375 2432 1463 2525 quod
1506 2454 1675 2528 persaepe

227 2555 354 2626 nesciri
382 2557 502 2650 potuit,
531 2556 627 2646 cujus
655 2553 941 2645 congregationis
970 2557 1026 2620 ex'.
1054 2572 1108 2641 gr.
1132 2573 1292 2635 ,sorores
1309 2552 1548 2622 οιιιιιιιιιιὶιιιιεα
1576 2552 1674 2646 hujus

227 2675 361 2750 aliasve
398 2675 568 2749 dioecesis
603 2677 763 2748 existant.
830 2671 946 2760 Quare
974 2674 1002 2748 si
1030 2671 1154 2744 alicubi
1181 2675 1313 2764 erravi,
1355 2694 1417 2746 oro
1444 2684 1544 2768 atque
1573 2697 1674 2769 rogo,

227 2805 310 2868 uta
338 2794 539 2873 censoribus
567 2799 727 2889 corrigar
755 2793 1036 2891 competentibus.

331 2918 408 2992 Hoc
444 2940 528 3016 opus
563 2918 644 2991 nihil
677 2917 805 2991 offerre
837 2916 912 2992 vult
943 2938 1057 3011 quam,
1099 2924 1135 2987 ut
1161 2925 1302 3007 vocant,
1342 2918 1552 3002 sculteticum,
1594 2920 1614 2988 i.
1643 2942 1674 2992 e.

227 3039 440 3133 describere,
469 3061 705 3136 quaecumque
734 3037 919 3131 adfinem,
955 3059 1057 3132 quem
1084 3057 1186 3133 supra
1221 3038 1383 3130 iudicavi,
1421 3040 1675 3134 assequendum

227 3160 365 3235 faciant.
420 3161 522 3256 Cujus
550 3164 694 3255 generis
721 3164 830 3257 primo
859 3169 936 3233 sunt
964 3162 1111 3251 numeri,
1147 3159 1270 3232 deiude
1306 3161 1521 3234 conditiones
1553 3172 1673 3255 status,

227 3288 380 3361 rationes
416 3307 466 3357 ex·
500 3287 541 3359 iis
573 3293 778 3381 sequentes,
819 3303 925 3379 porro
961 3290 1160 3355 statutorum
1196 3283 1382 3379 legumque
1418 3281 1673 3379 dispositiones,

229 3429 373 3503 qnorum
399 3411 580 3480 autoritate
608 3405 840 3497 dioacasium,
881 3413 916 3475 nt
942 3405 989 3475 ita
1017 3403 1147 3496 dicam,
1190 3415 1296 3480 status
1323 3403 1492 3477 efficiatur
1518 3415 1553 3477 et
1579 3416 1674 3479 recte

228 3529 450 3622 intelligatur.

332 3649 527 3725 Secundum
565 3671 669 3746 opus,
706 3647 796 3745 quod
828 3646 935 3719 edere
971 3646 1051 3719 mihi
1079 3649 1256 3744 proposui,
1295 3647 1334 3720 1ο
1371 3647 1558 3720 continebit
1591 3671 1676 3724 snc-

228 3776 374 3847 cinctam
402 3774 614 3867 singularum
643 3772 852 3846 dioecesium
880 3771 1063 3855 historiam,
1092 3771 1132 3843 2⁰
1155 3772 1266 3860 sontes
1294 3769 1450 3843 indicabit
1477 3781 1512 3843 et
1539 3772 1675 3866 quidem

228 3919 344 3969 rerum
373 3900 406 3969 iu
435 3897 588 3971 dioecesi
615 3904 788 3988 gestarum
817 3894 1020 3988 scriptores,
1062 3891 1357 3986 documentorum,
1392 3894 1523 3985 legum,
1559 3916 1675 3990 syuo-

228 4017 615 4111 dorumcollectiones,
653 4025 790 4089 eeteros
818 4013 917 4108 hujus
945 4016 1087 4106 generis
1115 4013 1236 4107 libros,
1274 4015 1313 4087 3⁰
1336 4018 1547 4101 monasteria,
1575 4019 1675 4107 eapi-

229 4141 311 4228 talo,
339 4150 476 4217 ceteras
495 4141 756 4237 corporaliores
775 4136 1041 4229 ecclesiasticas,
1070 4159 1156 4232 quae
1175 4137 1256 4209 olim
1275 4134 1457 4228 florebant,
1485 4139 1675 4212 nominabit

228 4273 263 4336 et
289 4263 444 4337 breviter
471 4259 694 4352 adumbrabit,
730 4260 863 4350 additis,
896 4269 1056 4356 quantum
1084 4259 1158 4332 lieri
1184 4268 1310 4356 potest,
1351 4259 1393 4332 de
1421 4262 1529 4352 exitu,
1563 4261 1674 4355 bonis,

226 4383 309 4479 line,
351 4388 404 4458 cui
438 4386 526 4459 haec
561 4405 651 4456 nuuc
686 4385 890 4473 interviunt,
931 4383 1072 4469 notitiis,
1112 4383 1155 4456 4⁰
1179 4382 1245 4454 alia
1277 4384 1386 4457 omnis
1414 4384 1554 4476 generis
1581 4383 1674 4456 utilia

227 4517 329 4605 atque
371 4509 569 4582 neccssaria
609 4505 832 4602 (parochiae,
873 4502 1170 4577 archidiaconatus
1209 4513 1351 4579 vetares
1388 4503 1485 4600 cet).
1555 4490 1687 4601 ltaque

230 4631 446 4700 Germaniam
470 4650 603 4699 sacram
628 4626 734 4701 edare
762 4647 884 4722 spero;
912 4647 979 4721 quo
1008 4635 1162 4723 tempore
1184 4628 1273 4719 juris
1300 4625 1425 4722 publici
1452 4625 1526 4698 lieri
1553 4630 1674 4723 possit,

227 4751 296 4824 hoc
322 4754 397 4848 ipso
425 4759 597 4823 momento
626 4772 670 4822 ue
697 4747 851 4820 iudicare
880 4748 1016 4842 quidam
1042 4769 1191 4846 possum.
1245 4747 1353 4821 Multa
1376 4747 1518 4841 collegi,
1546 4748 1675 4844 aliquot

227 4883 344 4974 partes
371 4871 506 4970 prelum
533 4879 748 4969 exspectant.
808 4867 878 4946 Sed
906 4892 1007 4965 quum
1035 4869 1090 4942 bic
1115 4878 1240 4964 agatur
1273 4868 1316 4942 da
1347 4867 1452 4943 rebus
1479 4872 1673 4967 praeteritis
