3925 5609
1579 491 1587 506 .
1622 449 1639 502 9

192 622 244 680 est
279 612 414 702 primum
447 611 595 680 Austriee
627 615 924 701 repraesentantium
959 635 1080 700 corpus,
1115 609 1283 677 sessionem
1316 618 1347 676 et
1375 617 1483 674 votum
1516 607 1640 672 habent.

194 717 346 787 Ceterum
369 739 474 784 omnes
497 721 520 784 4
541 718 785 809 Archiepiscopi,
811 741 942 808 quorum
964 717 1140 806 provinciae
1169 715 1202 781 in
1224 715 1284 780 hoo
1313 714 1393 780 libro
1416 712 1641 795 describuntur,

194 822 356 912 Principis
378 824 502 890 titulum
524 824 648 892 hebent.

285 955 315 1020 4.
329 985 332 990 ·
348 955 499 1045 Episcopi
528 955 560 1019 in
591 955 743 1037 omnibus,
780 977 860 1044 quee
881 940 1090 1036 recensentur,
1126 951 1315 1019 dioecesibus
1348 951 1381 1015 in
1403 949 1571 1036 ltelipiosos
1604 949 1641 1014 iis

193 1059 344 1127 fruuntur
372 1055 504 1145 juribus,
539 1081 619 1148 quae
648 1061 700 1147 jus
734 1082 898 1126 commune
932 1068 985 1124 aut
1020 1060 1185 1126 ordinaria
1217 1067 1272 1122 eut
1299 1056 1331 1120 vi
1361 1054 1566 1141 delegationis
1590 1054 1642 1142 (ex

197 1164 290 1230 Cone.
318 1163 418 1252 Trid.)
451 1165 487 1230 iis
510 1165 659 1231 attribuit.
714 1165 889 1253 Rei-ipimus
910 1165 1027 1252 ubique
1045 1163 1254 1251 jurisdictioni
1275 1160 1500 1249 Episcoporum
1522 1159 1643 1224 ordina-

193 1268 262 1335 riae
285 1269 455 1356 subjacent.

870 1477 898 1557 s.
942 1474 972 1538 r.

732 1619 789 1687 Dc
824 1621 1110 1690 administratione.

290 1795 318 1864 l.
358 1792 478 1858 Vioorii
504 1794 636 1881 foranei
669 1817 693 1858 s.
723 1793 843 1860 Decam'
876 1818 899 1859 s.
936 1794 1056 1860 Vicarii
1076 1796 1269 1872 districtuum
1298 1796 1338 1861 ab
1361 1794 1524 1884 Episcopis
1546 1795 1643 1860 nomi·

196 1909 314 1965 nentur
337 1897 442 1979 libere,
475 1898 562 1963 nulla
583 1898 708 1986 praevia
730 1900 937 1986 parochorum
960 1901 1113 1967 electione
1134 1900 1186 1966 vel
1209 1901 1485 1984 commendatione,
1518 1922 1536 1965 e
1556 1921 1646 1987 pero-

197 2006 265 2072 chis
303 2004 517 2069 decanatuum.
574 2003 619 2068 Hi
654 2003 763 2070 deceni
795 2005 912 2092 ubique
942 2030 960 2069 e
989 2005 1150 2096 republica
1179 2015 1213 2072 ut
1244 2006 1450 2093 ,Inspectores
1471 2005 1645 2072 scholaram

198 2111 349 2176 district.“
373 2109 603 2174 confirmentur.
648 2107 764 2192 Quare,
787 2110 814 2174 si
835 2111 1024 2196 gubernium
1046 2111 1217 2201 parochum
1247 2121 1280 2176 ut
1309 2112 1514 2198 inspectorem
1537 2131 1647 2197 appro-

131 2247 132 2250 ¹
197 2217 277 2281 bere
299 2214 442 2301 deneget,
472 2212 644 2302 Episcopus
667 2215 835 2280 eutalium
859 2217 996 2282 nominet
1019 2226 1072 2281 aut
1103 2217 1310 2282 controversia
1332 2241 1350 2280 a
1371 2214 1544 2303 ministerio
1567 2213 1647 2279 deci-

199 2321 292 2386 datur
314 2329 442 2408 oportet.
487 2317 636 2384 Liberum
659 2329 705 2384 est
727 2320 887 2408 episeopis,
912 2345 963 2386 eos
988 2322 1161 2388 destituere.
1206 2321 1333 2410 Ubique
1354 2345 1422 2388 mos
1444 2322 1539 2407 viget,
1563 2316 1648 2405 quod

200 2427 237 2492 iis
260 2425 368 2490 titulus
406 2423 682 2505 ,Consiliariorum
713 2425 918 2508 consisterit,
955 2425 1092 2506 ,Consil
1126 2426 1252 2492 caelest
1287 2427 1442 2491 tribuitur.
1500 2423 1648 2512 Capitale

200 2531 326 2597 ruralia
348 2552 502 2618 nusquam
525 2529 670 2612 existunt,
693 2551 807 2618 neque¹
819 2531 934 2620 ,fandi
956 2531 1181 2597 decanatanm“
1190 2557 1201 2612 ,·
1230 2532 1389 2620 impensae
1412 2531 1481 2618 (pro
1503 2530 1588 2594 victu
1616 2539 1648 2594 et

201 2640 339 2724 vectura)
369 2635 406 2700 iis
428 2633 633 2723 praestandae
664 2644 737 2700 sunt
759 2659 777 2700 a
799 2636 954 2725 parochis,
989 2659 1067 2724 quos
1090 2637 1258 2717 instellant,
1282 2637 1416 2717 visitant,
1440 2646 1493 2699 aut
1514 2659 1533 2699 a
1553 2634 1648 2722 parti-

200 2744 257 2808 bus
278 2742 324 2831 (in
345 2741 443 2807 causis
454 2740 677 2827 judicialibus).
701 2739 819 2806 Eorum
837 2750 903 2806 est:
929 2741 961 2828 l)
980 2742 1146 2827 quotannis
1161 2741 1288 2806 visitare
1310 2741 1481 2821 ecclesiam,
1506 2739 1647 2805 aedificia

200 2849 311 2929 benef,
336 2846 457 2912 scholas
474 2845 685 2927 elementares,
708 2846 741 2934 2)
757 2845 955 2911 matricarum
971 2847 1095 2928 revisio,
1121 2848 1155 2934 3)
1171 2846 1326 2912 rationum
1342 2845 1382 2912 de
1397 2844 1485 2909 bonis
1500 2843 1648 2911 ecclesiae

201 2951 420 3017 administratis
442 2950 564 3032 revisio,
594 2953 628 3038 4)
653 2951 770 3016 referre
789 2951 829 3016 de
848 2960 929 3016 statu
956 2953 1104 3038 cujusque
1130 2951 1271 3018 beneficii
1294 2960 1352 3016 cet.
1378 2951 1418 3015 ad
1436 2949 1648 3031 Ordinerium,

202 3058 234 3144 5)
255 3057 286 3121 in
302 3058 368 3122 fere
383 3055 526 3122 omnibus
542 3055 734 3122 dioecesibus
757 3056 846 3144 fungi
863 3056 1141 3123 commissariorum
1158 3078 1288 3122 munere
1314 3056 1345 3120 in
1369 3055 1468 3119 causis
1491 3054 1647 3120 matrimo-

201 3159 343 3243 nialibus,
366 3160 434 3226 aliis
450 3160 663 3227 ecclesiasticis
676 3161 715 3225 ad
730 3161 832 3227 forum
845 3162 991 3248 judiciale
1006 3162 1241 3251 pertinentibus,
1264 3163 1297 3247 6)
1314 3182 1497 3226 concursum
1514 3158 1649 3225 indicere

202 3277 232 3332 et
252 3266 390 3332 tabulam
406 3265 554 3331 conficere
568 3288 626 3354 pro
642 3265 755 3331 scholis
772 3266 914 3333 clement.
936 3267 1127 3348 vacantibus,
1151 3268 1185 3353 7)
1205 3267 1330 3331 decreta
1348 3263 1506 3331 Ordinarii
1527 3287 1648 3331 necnon

200 3371 437 3458 magistratuum
460 3371 580 3436 clericis
603 3363 838 3453 communicare,
861 3371 1027 3436 relationes
1052 3371 1235 3438 clericorum
1260 3392 1430 3456 omnesque
1453 3369 1529 3435 alias
1545 3370 1649 3435 literae

201 3475 240 3539 ad
269 3475 340 3542 illos
365 3475 499 3562 dirigere
519 3486 579 3542 eet.
627 3476 787 3566 Oollaqm'a
817 3475 1230 3564 (,‚Capitelsconlerenzen“)
1254 3476 1434 3542 clericorum
1456 3474 1593 3542 deceant.
1616 3475 1648 3538 in

200 3580 319 3668 aliquot
342 3580 531 3656 dioecesibus
554 3581 729 3648 introducta
752 3591 832 3646 sunt.
888 3581 929 3645 In
951 3581 989 3646 iis
1019 3581 1153 3647 themata
1176 3581 1209 3645 in
1239 3580 1360 3668 scriptis
1390 3590 1515 3646 exarata
1544 3602 1648 3644 recen·

200 3696 308 3754 sentu‘r
330 3685 452 3774 aliaque
474 3707 532 3776 pro
554 3685 618 3751 vita
641 3686 791 3774 pastorali
813 3687 989 3752 necessaria
1012 3686 1154 3751 statilia
1177 3685 1391 3751 discutiuntur.

287 3820 317 3883 2.
341 3815 510 3905 Superiora
532 3817 633 3884 officia
661 3815 838 3883 Vinariatns
859 3815 1022 3904 pennalis,
1059 3816 1283 3883 Ordinariatns
1305 3819 1344 3882 ab
1365 3815 1528 3905 Episcopis
1550 3814 1649 3880 libere

202 3931 444 4009 componuntur,
476 3922 647 3988 maximum
680 3944 719 3987 ex
743 3919 908 3989 Canonicis
941 3921 1014 3986 eccl.
1045 3921 1180 3989 cathedr.
1209 3921 1375 4011 Impensae
1403 3922 1587 4009 plerumque
1610 3920 1648 3983 ab

200 4026 363 4116 Episcopis
387 4036 460 4092 sunt
482 4027 658 4108 faciendee3
681 4027 714 4092 in
738 4026 857 4114 aliquot
879 4026 1071 4092 dioecesibus
1095 4049 1113 4092 e
1134 4026 1231 4092 fundo
1253 4026 1343 4114 relig.
1366 4051 1426 4116 pro
1449 4034 1538 4114 parte
1561 4048 1647 4112 prae

200 4141 341 4214 stantur3
364 4132 479 4220 ubique
502 4132 594 4197 etiam
617 4142 719 4198 certae
742 4146 836 4197 tarrae
859 4131 997 4197 existunt
1019 4133 1225 4223 cancellariae
1248 4133 1319 4221 (pro
1341 4130 1532 4210 investitura,
1557 4129 1648 4195 colla-

200 4236 283 4301 tione
306 4237 503 4304 canonicatus
534 4237 605 4326 cet.)
633 4248 664 4304 et
692 4238 962 4324 dispensationum.
1008 4236 1184 4303 Consiliarii
1206 4236 1246 4302 de
1278 4235 1391 4325 regula
1423 4258 1535 4301 munus
1564 4258 1648 4302 mere

199 4341 405 4408 honorificum
427 4343 553 4409 habent.

286 4471 407 4540 Eodem
429 4473 523 4540 modo
546 4473 705 4563 impensae
727 4497 784 4561 pro
812 4471 978 4539 Tribanali
999 4472 1225 4539 matrimoniali
1247 4472 1285 4536 ab
1307 4471 1381 4561 ipsis
1396 4470 1562 4560 Episcopis
1577 4481 1649 4537 sunt

199 4576 369 4661 faciendae,
402 4601 497 4666 quum
527 4593 622 4645 tanae
650 4579 721 4666 lege
745 4576 833 4643 civili
857 4600 1021 4644 concessae
1042 4578 1176 4645 minores
1199 4577 1270 4659 sint,
1294 4577 1406 4665 quibus
1427 4579 1647 4642 resarciantur.

292 4709 465 4776 {tribunale
480 4735 543 4797 pro
566 4713 666 4777 canam
697 4709 876 4778 clericorum
905 4709 1159 4798 disciplinaribus
1182 4718 1213 4774 et
1235 4708 1448 4774 criminalibus
1480 4706 1582 4796 (ecel.)
1615 4705 1648 4771 in
1746 4754 1757 4768 .

199 4813 305 4904 paucis
328 4823 449 4879 tantum
479 4813 670 4882 dioecesibus
693 4814 868 4880 institutum
890 4823 945 4880 eet.
999 4814 1070 4881 Hae
1092 4837 1202 4880 causae
1223 4813 1406 4902 plerumque
1430 4812 1650 4897 ,administra

200 4923 277 4987 aad
301 4919 459 4985 finiuntur.
544 4937 547 4944 '
1440 4916 1444 4923 ‘
