3925 5609
1633 454 1665 506 'll

220 608 348 666 turnum
379 599 531 688 magister
561 601 732 670 catholicus
767 609 798 668 et
829 601 1028 692 evangelicus
1050 604 1222 687 ordinatur,
1251 607 1422 673 seeundum
1444 607 1667 676 ordinationem

221 705 342 791 regiam
378 704 408 770 d.
441 707 472 772 4.
505 704 632 774 Octobr.
668 709 747 775 182¹
784 707 903 774 institui
937 731 1002 776 nen
1034 709 1165 791 debent,
1199 709 1260 774 nisi
1296 723 1408 799 urgeat
1439 714 1603 778 necessitas
1636 724 1668 780 et

222 820 356 898 utraque
388 810 589 876 communitas
612 811 759 899 religiosa
781 835 850 876 eum
880 814 1009 900 parochi
1030 813 1197 903 respectivi
1220 815 1348 882 consilio
1370 827 1402 882 et
1423 818 1666 907 approbantibus

221 911 434 1001 superioribus
469 914 682 980 ecclesiasticis
717 924 748 982 et
781 915 920 982 civilibus
953 917 986 984 id
1021 928 1144 985 statuet.
1207 917 1396 1008 Hujusmodi
1431 921 1558 988 scholae
1591 947 1666 1012 pau-

221 1018 363 1082 cissimae
396 1028 467 1083 sunt
502 1029 535 1084 et
567 1018 598 1082 in
633 1019 697 1085 dies
731 1021 831 1108 magis
865 1021 1022 1088 tolluntur.
1089 1022 1208 1091 Contra
1239 1045 1389 1114 persaepe
1422 1026 1472 1109 fit,
1509 1037 1545 1092 nt
1576 1028 1667 1114 pueri

219 1121 383 1210 puellasve
407 1121 549 1188 catholici
572 1123 708 1189 scholam
731 1124 931 1190 acatholicum
962 1127 1160 1215 frequentent
1190 1137 1221 1194 et
1250 1128 1317 1194 vice
1353 1151 1453 1211 versa,
1485 1132 1667 1220 praesertim

219 1227 252 1291 in
281 1227 475 1314 regionibus,
510 1227 562 1292 ubi
592 1227 733 1294 catholici
765 1241 796 1294 et
825 1229 997 1317 evangelici
1026 1231 1205 1319 permixtim
1235 1232 1354 1315 vivunt,
1390 1234 1480 1299 utin
1503 1236 1668 1303 Silesiaet

218 1331 368 1398 Berussis
391 1331 582 1398 occidentali.

307 1467 337 1529 2.
361 1462 537 1551 Superioris
560 1463 757 1530 ecclesiastici
775 1473 830 1546 est,
853 1467 1071 1530 imtitute'enem
1092 1467 1270 1554 religiosam
1292 1468 1438 1554 dirigere,
1462 1471 1666 1537 catechismos

219 1567 420 1656 reliquosque
443 1568 537 1633 libros
560 1567 731 1656 religiosos,
765 1568 889 1634 modum
925 1567 1055 1634 docendi
1088 1568 1273 1656 religionem
1307 1571 1490 1659 designare3
1527 1575 1586 1640 hoc
1615 1576 1667 1660 jus

218 1682 343 1738 exercet
366 1684 418 1738 aut
441 1683 541 1738 certus
565 1673 791 1739 commissarius
814 1683 867 1739 aut
888 1673 1044 1760 inspector
1067 1675 1174 1740 circuli
1199 1676 1423 1741 ecclesiasticus
1446 1688 1498 1741 aut
1514 1678 1668 1766 inspector

217 1777 278 1843 leci
301 1777 320 1842 i.
345 1799 371 1842 e.
394 1777 556 1866 parochus.
608 1777 792 1844 Methedum
821 1777 1007 1868 inspiciendi
1039 1779 1195 1865 gubernio
1226 1781 1272 1846 fas
1303 1791 1359 1862 est,
1395 1781 1553 1846 materiam
1576 1784 1667 1870 hujus

217 1881 430 1948 instructionis
451 1883 604 1970 respicere
626 1905 689 1948 nen
711 1894 765 1948 est.

305 2013 335 2080 3.
364 2012 444 2080 Juru
474 2010 689 2102 episcopcrum
720 2012 928 2078 diversissima
958 2023 1039 2078 sent.
1083 2011 1124 2078 In
1146 2013 1279 2080 dioecesi
1315 2015 1479 2081 Vretialae.
1502 2015 1665 2104 episeopus

215 2115 384 2204 magistris,
416 2116 552 2204 quisquis
583 2139 636 2183 cos
666 2117 916 2204 praesentaverit,
945 2117 1085 2204 elegerit,
1116 2118 1329 2200 nominaverit,
1363 2130 1527 2208 postquam
1549 2123 1663 2206 guber-

215 2222 301 2287 nium
325 2243 378 2288 ces
400 2220 592 2308 approbavit,
616 2221 768 2286 decretum
790 2221 924 2304 confert3
947 2222 1031 2288 idem
1049 2222 1122 2309 jure
1144 2224 1270 2310 proprie
1286 2224 1408 2288 scholas
1424 2247 1493 2289 curn
1509 2226 1662 2310 gubernio

215 2325 400 2414 inspiciendi
435 2325 558 2412 gaudet.
617 2323 656 2390 In
691 2326 881 2392 dioecesibus
914 2326 1024 2394 Colen.
1058 2337 1090 2392 et
1120 2326 1241 2394 Treuir.
1275 2326 1459 2393 Ordinarius
1493 2353 1594 2416 neque
1630 2331 1662 2394 in

214 2430 363 2497 vocandis
385 2452 485 2516 neque
514 2429 711 2496 instituendis
740 2430 896 2518 magistris
918 2423 1023 2519 partes
1045 2431 1128 2518 agit3
1159 2441 1311 2498 vocantur
1340 2433 1481 2520 magistri
1505 2458 1523 2498 a
1546 2435 1666 2522 gremio

216 2533 353 2624 quodam
376 2535 572 2616 communali,
607 2535 656 2600 eui
679 2533 807 2600 interest
836 2535 1000 2623 parochus.
1054 2535 1093 2600 In
1127 2534 1315 2602 dioecesibus
1339 2536 1509 2604 Menanter.
1544 2549 1576 2604 ct
1608 2539 1666 2603 Pa-

215 2641 359 2706 derbern.
391 2638 595 2726 gubernium‚
631 2639 811 2728 priusquam
840 2639 1023 2734 magistrum
1058 2640 1214 2721 instituat,
1252 2639 1455 2707 Ordinarium
1490 2642 1665 2729 interroget

214 2755 346 2834 eportet,
380 2767 456 2810 num
487 2744 561 2833 quid
592 2754 699 2810 centra
727 2743 950 2811 instituendum
977 2766 1018 2810 ex
1048 2745 1167 2810 ratione
1199 2745 1405 2811 ecclesiastica
1429 2746 1592 2810 dicendum
1615 2747 1664 2811 sit.

214 2849 249 2918 Si
276 2848 463 2916 Ordinarius
487 2872 550 2914 nen
574 2849 716 2937 excipiat,
740 2850 926 2936 gubernium
950 2850 1111 2917 decretum
1142 2851 1269 2933 confert,
1302 2851 1464 2939 episcopus
1487 2852 1665 2917 missionem

215 2955 270 3019 dat
292 2953 472 3020 canonicam
502 2953 540 3018 ad
562 2954 796 3020 instructionem
826 2955 1015 3041 religiosam,
1048 2977 1129 3042 qnae
1152 2954 1240 3020 omni
1270 2967 1427 3020 momento
1451 2965 1554 3042 potest
1576 2980 1666 3021 revo-

214 3060 288 3126 cari.
334 3059 419 3125 Num
441 3058 599 3146 magister,
624 3060 710 3145 cujus
734 3059 838 3125 missio
861 3059 1008 3124 canonica
1038 3070 1180 3125 revocata
1203 3068 1259 3140 ost,
1290 3058 1322 3123 in
1353 3059 1454 3124 officio
1486 3083 1667 3146 permanere

213 3164 321 3252 possit,
345 3163 446 3228 adhuc
468 3162 646 3250 ambigitur.
691 3163 780 3229 Haec
808 3185 858 3230 res
880 3163 1122 3232 litibusansam
1153 3163 1289 3252 praebet.
1333 3163 1418 3228 Nam
1441 3174 1494 3228 aut
1515 3164 1667 3250 magister

214 3269 321 3334 statim
357 3267 559 3333 dimittendus
593 3278 647 3334 est.
685 3291 725 3335 ne
757 3265 865 3333 schola
895 3267 1097 3333 instructione
1127 3267 1275 3355 religiosa
1308 3279 1420 3349 careat,
1454 3277 1508 3332 aut
1544 3268 1667 3333 scholae

213 3374 338 3456 adsunt,
371 3373 404 3436 in
437 3372 549 3461 quibus
583 3373 695 3460 religio
729 3396 791 3439 non
825 3372 961 3438 docetur.
1018 3371 1178 3458 Magistris
1208 3370 1396 3459 deponendis
1420 3370 1580 3437 Ordinarii
1602 3395 1664 3437 nen

213 3477 380 3560 intersunt,
404 3477 442 3541 dc
465 3477 524 3542 hac
545 3499 580 3544 re
601 3477 685 3544 valet
717 3477 788 3560 ,lex
811 3475 1038 3565 disciplinaris“
1072 3476 1101 3541 d.
1124 3478 1176 3543 21.
1198 3474 1263 3543 Jul.
1289 3477 1383 3542 1852.
1429 3475 1492 3543 Ubi
1515 3476 1664 3563 magister

212 3581 307 3648 simul
342 3581 445 3649 officio
469 3583 602 3670 quodam
633 3581 840 3648 ecclesiastice
869 3583 1020 3668 iungitur,
1057 3590 1162 3668 utpote
1194 3579 1351 3661 sacristae,
1385 3580 1560 3667 organistae
1593 3592 1661 3661 cet,

212 3697 346 3776 utraque
371 3697 520 3775 postestas
550 3687 713 3754 incudem
737 3709 870 3777 persona
900 3685 1096 3752 consentiant
1119 3695 1248 3773 opertet.
1306 3684 1426 3765 Quodsi
1456 3685 1604 3772 magister
1626 3688 1665 3751 ab

212 3791 314 3858 efficio
337 3791 391 3856 tali
414 3815 473 3880 per
488 3791 691 3858 Ordinarium
714 3792 894 3881 deponatur,
917 3790 1072 3877 gubernii,
1095 3791 1144 3856 cui
1166 3789 1320 3856 sententia
1339 3790 1593 3871 communicatur,
1617 3800 1664 3856 cst

212 3896 328 3978 videre,
352 3919 427 3962 num
452 3919 576 3986 quoquc
599 3920 617 3962 a
638 3897 818 3984 magisterio
842 3896 956 3986 deponi
978 3895 1077 3984 pessit
1099 3895 1148 3960 vel
1172 3893 1291 3959 debeat.

300 4029 331 4092 4.
355 4027 536 4094 Semiramio
566 4030 786 4115 magistrorum
815 4027 872 4094 sub
901 4027 1093 4115 inspectione
1122 4036 1153 4092 et
1186 4024 1379 4091 ordinatione
1409 4024 1553 4110 gubernii
1584 4036 1665 4107 sunt,

211 4142 339 4221 praeter
367 4131 528 4218 religionis
558 4131 751 4212 ductionem,
783 4155 875 4219 quam
907 4132 1093 4197 Ordinarius
1121 4153 1177 4219 per
1207 4129 1452 4195 commissarium
1483 4130 1575 4215 regit.
1621 4129 1667 4196 Ut

212 4238 381 4303 directores
406 4235 611 4302 instituuntur
641 4237 814 4303 sacerdotes
846 4237 1056 4303 consentiente
1079 4235 1256 4303 Ordinarie.
1310 4234 1344 4301 Si
1376 4234 1438 4298 tale
1467 4234 1666 4300 seminarium

211 4344 311 4430 majus
342 4349 405 4423 est,
439 4342 517 4406 alter
549 4341 691 4406 sacerdos
722 4362 778 4430 pro
813 4341 964 4407 catechesi
998 4341 1108 4405 aliisve
1141 4339 1311 4427 disciplinis
1344 4338 1520 4422 ordinatur,
1554 4339 1666 4426 reliqui

211 4446 357 4534 magistri
390 4456 462 4510 sunt
494 4445 568 4511 laici
601 4456 631 4512 et
658 4470 676 4510 a
706 4447 860 4534 gubernio
891 4456 1010 4512 tantum
1042 4457 1200 4510 vocantur.
1252 4443 1472 4526 Examinibus,
1506 4467 1525 4507 a
1554 4445 1665 4530 quibus

211 4554 331 4644 pendet
355 4551 486 4618 docendi
516 4551 663 4632 facultas,
698 4553 926 4618 commissarius
957 4551 1139 4641 episcopalis
1171 4550 1273 4639 quoad
1305 4571 1435 4616 examen
1465 4571 1482 4614 e
1512 4549 1666 4635 religiono

212 4682 281 4724 cum
314 4667 385 4721 veto
416 4655 549 4721 decisivo
581 4657 724 4739 interest,
760 4657 862 4745 quoad
894 4655 1030 4745 reliquas
1061 4656 1237 4745 disciplinas
1271 4665 1344 4721 vote
1377 4664 1470 4720 caret.
1515 4652 1577 4732 Qui
1609 4673 1666 4741 pre

211 4761 367 4850 religione
390 4759 527 4825 docenda
550 4784 612 4827 non
636 4762 825 4850 approbatur
848 4761 978 4829 docendi
1001 4761 1149 4827 facultate
1172 4770 1266 4828 caret.

301 4896 331 4960 5.
356 4891 531 4981 &ennaea
553 4914 676 4982 quoquc
698 4893 868 4960 secundum
891 4893 1101 4960 confessiones
1124 4892 1342 4959 discernuntur
1367 4892 1400 4956 in
1431 4889 1583 4955 catholica
1611 4898 1666 4953 aut
