3925 5609
1594 447 1644 503 100

183 605 379 694 obligantur
399 605 439 672 ad
461 627 578 688 curam,
607 605 727 693 reliqua
748 605 866 674 habent
893 615 1010 673 certam
1033 605 1065 671 in
1096 629 1170 672 eura
1190 605 1369 674 6661166606
1397 605 1644 694 obligationem),

185 712 433 800 6666666167.
477 710 608 780 Summa
640 712 715 779 263.
765 710 921 778 Imtitatab
953 711 1174 778 beneficiorum
1207 711 1244 778 fit
1276 735 1332 800 per
1363 711 1433 778 vie.
1467 709 1548 778 Gen
1581 719 1644 794 661,

183 825 327 903 petente
362 814 543 898 candidato,
576 837 634 904 per
666 816 831 882 Decanum
864 839 889 884 s.
921 813 1134 882 camerarium
1170 815 1209 882 ad
1242 817 1304 882 hoc
1336 815 1522 904 delegatum.
1580 813 1645 883 Pro

185 919 337 1004 decanis,
360 943 509 986 66666666.
531 930 563 986 61
585 922 607 987 4
628 920 772 1010 parochis
786 930 914 986 vocatur
938 922 1168 1004 „inretierat
1191 943 1248 1008 pro
1264 920 1391 1008 reliquis
1416 919 1645 1003 „commende“.

184 1023 292 1104 Quae
315 1025 348 1092 in
370 1026 433 1092 boe
454 1024 618 1107 differunt,
650 1025 731 1114 quod
757 1023 1001 1108 „commendatis
1029 1025 1232 1112 jurejurando
1255 1024 1439 1113 profitentur
1461 1025 1529 1110 „jus
1553 1023 1645 1092 Ordi-

183 1129 277 1202 66611
300 1128 508 1218 permutandi,
532 1129 656 1217 quando
679 1129 795 1196 utilitas
817 1129 868 1196 vel
889 1128 1055 1196 necessitas
1078 1129 1205 1217 urgebit
1220 1133 1312 1218 juxta
1333 1128 1520 1196 laudabilem
1540 1127 1645 1194 Eucle-

182 1233 261 1299 siae
284 1233 523 1300 Eiehstcttensis
546 1234 830 1317 consuetudincm‘ss
863 1234 1047 1302 decaetero
1081 1255 1140 1299 666
1172 1234 1329 1300 differunt.
1381 1233 1558 1300 Iastellctio
1587 1255 1646 1319 per

183 1338 362 1404 Decanum
383 1323 581 1426 ct'„regium
604 1337 760 1404 (1161616166
789 1338 945 1406 610616661
970 1338 1159 1425 conjunctim
1182 1337 1226 1404 fit.

284 1443 318 1508 A
352 1443 513 1532 republica
534 1465 573 1509 ex
596 1443 645 1509 hie
666 1445 731 1510 263
765 1443 866 1510 benef.
898 1443 1005 1508 dotata
1037 1444 1150 1508 66613
1182 1443 1293 1532 (666611
1316 1442 1431 1530 regior.
1462 1441 1646 1527 carcerum),

188 1549 236 1613 17
262 1571 331 1637 par.
356 1570 394 1613 ex
417 1548 536 1614 aerario
571 1547 730 1614 annuatim
753 1549 817 1614 566
838 1548 877 1612 ad
901 1549 986 1614 1000
1007 1548 1038 1613 0.
1071 1558 1102 1614 61
1134 1571 1228 1639 supra
1258 1548 1384 1629 060661,
1418 1545 1534 1635 quippe
1568 1567 1647 1634 quae

185 1662 272 1718 ante
295 1650 601 1718 saecularisationem
623 1653 819 1719 monasteriis
841 1652 1040 1741 incorporata
1062 1662 1173 1736 essent,
1208 1675 1338 1742 quorum
1368 1651 1451 1718 0666
1473 1648 1647 1739 respublica

185 1756 389 1824 confiscavit
432 1755 483 1821 Ex
506 1755 618 1824 eodem
640 1755 730 1823 titulo
754 1760 773 1822 5
795 1756 865 1824 066.
887 1756 1021 1823 reditum
1044 1758 1109 1824 300
1130 1756 1170 1823 ad
1192 1759 1298 1824 5000.
1313 1756 1436 1824 060661.
1479 1754 1647 1821 Praeterea

185 1863 277 1928 haee
299 1860 547 1928 0666061661166
570 1861 687 1926 habent
707 1860 833 1946 reditus,
853 1863 926 1949 jura
954 1861 1053 1928 616166
1075 1871 1132 1930 661.
1183 1860 1344 1928 Permulta
1373 1859 1433 1926 elia
1463 1880 1503 1926 ex
1526 1859 1646 1926 6666616

185 1967 317 2032 habent
338 1965 472 2053 aliquem
495 1965 630 2033 reditum
653 1967 706 2053 (ex
728 1965 828 2032 titulis
849 1965 979 2032 diversis
1002 1965 1171 2032 maximum
1189 1965 1356 2033 Ordinatui
1379 1965 1510 2054 ignotis)
1532 1963 1646 2052 partim

185 2069 359 2160 pecuniae,
394 2069 507 2158 partim
538 2069 727 2136 naturalium
758 2071 914 2159 (6666666,
948 2071 1072 2157 lignum
1103 2071 1175 2158 661.)
1205 2070 1244 2136 ad
1276 2073 1317 2137 50
1338 2070 1387 2152 0.,
1422 2070 1459 2135 31
1483 2091 1548 2157 par.
1572 2069 1645 2136 613

187 2177 301 2244 06661.
324 2179 344 2243 2
367 2197 456 2265 coop.
478 2180 498 2241 6
520 2177 670 2241 50-100
691 2174 740 2257 0.,
767 2176 805 2241 13
829 2199 895 2264 par.
918 2185 950 2242 61
972 2179 993 2243 2
1016 2176 1086 2242 066.
1111 2182 1129 2242 a
1153 2177 1325 2243 100-200
1346 2174 1393 2257 0.,
1418 2176 1459 2240 13
1481 2195 1546 2261 par.
1570 2183 1601 2238 et
1627 2173 1640 2237 l

187 2284 267 2349 ben.
291 2287 312 2348 6
333 2281 507 2348 200-300
527 2279 576 2363 0.,
616 2283 651 2346 11
678 2269 742 2368 par.
764 2290 796 2348 61
820 2281 835 2346 1
861 2280 963 2346 benef.
994 2281 1208 2347 1300-400
1228 2280 1277 2366 0.,
1312 2283 1418 2367 6par.
1448 2282 1522 2346 612
1544 2278 1670 2344 benet·

189 2393 211 2453 6
235 2387 415 2453 400-500
437 2385 466 2450 0

285 2514 383 2581 VIII.
418 2513 554 2582 0616166
600 2515 632 2602 1)
665 2515 841 2602 Gymnasia
875 2525 908 2582 et
940 2515 1068 2583 scholae
1100 2514 1215 2583 1611666
1250 2514 1330 2580 cath.
1365 2516 1380 2580 1
1418 2537 1488 2580 eum
1521 2515 1646 2600 llmag.

190 2624 228 2709 2)
254 2619 364 2688 Sebol.
386 2619 439 2684 lat
462 2620 493 2684 3.
548 2618 713 2708 stechel.
744 2621 822 2687 real.
847 2631 880 2688 et
912 2620 1043 2688 industr.
1076 2623 1102 2687 l.
1159 2623 1194 2710 4)
1228 2619 1334 2690 Schol.
1366 2618 1454 2686 elem.
1510 2616 1647 2697 Quaevis

190 2725 349 2815 parochia
370 2725 466 2791 habet
486 2746 580 2789 unam
603 2725 757 2812 pluresve.
803 2727 837 2811 6)
859 2723 1014 2792 Seminar.
1038 2724 1182 2814 Magistr.
1216 2725 1314 2808 elem,
1348 2745 1456 2812 gymu.
1488 2733 1519 2788 61
1549 2720 1647 2788 schol.

190 2830 250 2896 161.
274 2829 376 2895 66610.
398 2851 463 2895 666
485 2827 631 2896 existunt

284 2958 346 3026 IX.
368 2958 618 3026 Admiaotratio.
664 2962 692 3025 1.
719 2958 830 3026 Cereali.
854 2960 952 3025 666166.
977 2959 1223 3047 (Ordinariatus)
1247 2981 1317 3024 eum
1329 2958 1412 3040 Dc„
1435 2957 1550 3026 Consil.
1573 2957 1646 3023 6661.

193 3064 393 3154 (canonicis),
429 3066 444 3129 l
481 3073 590 3130 666661
623 3064 637 3129 1
674 3063 789 3128 archiv.
828 3067 880 3131 ,2.
918 3063 1096 3130 1066616166
1130 3065 1292 3132 1166666116
1322 3087 1392 3130 eum
1427 3063 1492 3129 Vie.
1518 3063 1647 3145 aaut

193 3168 322 3237 Consil.
346 3169 441 3257 (can.)
467 3170 482 3234 1
507 3177 615 3234 secret
658 3167 728 3233 Hoc
751 3166 886 3233 officium
906 3169 1051 3256 fungitur
1073 3193 1134 3257 qua
1156 3169 1292 3236 16106661
1314 3193 1372 3258 pro
1395 3167 1493 3234 causis
1513 3167 1648 3256 discipli-

193 3298 265 3341 nar.
311 3276 346 3363 3)
381 3273 600 3340 Gorasaatcrium
628 3272 728 3359 (Trib.
758 3271 906 3361 matrim.)
936 3297 1006 3338 cum
1033 3273 1133 3364 Offie,
1165 3274 1302 3343 00666.
1333 3275 1429 3364 (666.)
1455 3275 1469 3338 1
1496 3273 1644 3338 6666611

194 3379 316 3446 defens.
346 3387 436 3444 matr.
488 3377 583 3444 Anno
615 3378 698 3444 1062
722 3386 873 3444 tractatae
902 3387 975 3444 6661
998 3401 1131 3449 causae:
1166 3379 1251 3444 erim.
1274 3378 1378 3463 66116,
1412 3377 1530 3444 666611.
1560 3385 1649 3442 matr.

193 3484 296 3566 66116,
319 3505 419 3571 separ.
443 3506 461 3548 a
482 3483 576 3550 thoro
600 3492 631 3548 et
652 3503 758 3548 mensa
780 3483 810 3548 4.

288 3613 330 3680 X
365 3612 575 3680 Fundationes
596 3627 625 3680 61
644 3612 800 3701 6116666166
821 3637 848 3678 6.
872 3614 956 3680 1862
979 3614 1061 3680 facta
1083 3623 1156 3681 6661
1178 3614 1217 3681 ad
1238 3615 1322 3705 piam
1345 3637 1466 3680 eausam
1488 3565 1648 3702 usquead

194 3741 354 3787 summam
384 3720 504 3785 22234
524 3719 573 3800 0.,
595 3718 634 3782 ad
659 3741 734 3806 quas
756 3716 909 3784 accedunt
928 3718 1045 3784 multae
1067 3719 1146 3786 aliae
1169 3717 1349 3787 donationes
1372 3718 1412 3785 ad
1433 3716 1649 3786 restaurandas

195 3836 228 3891 et
253 3821 460 3911 acquirendas
481 3845 531 3889 res
555 3822 671 3904 eccles,
693 3822 893 3888 utensilium:
931 3823 1071 3907 calicum,
1094 3834 1342 3912 paramentorum
1366 3834 1421 3891 661.

286 3952 346 4019 IX.
385 3953 516 4020 11110616
544 3953 754 4019 emmaum.
802 3955 830 4019 1.
864 3951 1143 4037 866616616οο666,
1181 3957 1264 4042 quod
1295 3978 1314 4018 a
1343 3953 1476 4042 singulis
1505 3952 1648 4040 parochis

197 4058 376 4150 quantitate
398 4068 545 4124 66666616
566 4057 697 4124 debetur
719 4066 751 4124 61
773 4058 838 4124 274
859 4058 890 4124 0.
913 4068 969 4124 661.
1021 4060 1056 4147 2)
1080 4057 1272 4126 0666661661
1296 4081 1443 4141 annuum,
1466 4081 1486 4122 6
1506 4057 1649 4146 parochis

194 4163 393 4245 solvendum,
425 4163 514 4229 initio
543 4161 582 4228 ad
614 4171 749 4228 sumtum
770 4163 981 4231 visitationum
1014 4164 1233 4252 episcopalium
1262 4163 1427 4232 ferendum
1450 4145 1647 4245 destinatum,

196 4269 286 4360 quod
308 4269 343 4336 16
365 4268 500 4336 dioecesi
521 4267 612 4335 redit.
636 4269 699 4336 128
721 4269 752 4333 0.
775 4271 816 4335 02
839 4291 921 4334 cruc
943 4268 1047 4339 habet.

863 4465 891 4546 a.
936 4462 987 4527 rs.

576 4603 618 4677 1).
647 4605 823 4676 1116666616
850 4605 1022 4698 spiram
1054 4603 1273 4699 (Speyer).
1389 4649 1392 4657 ,

285 4791 437 4859 Erectam
461 4811 528 4858 ease
549 4789 674 4857 saeculo
704 4793 836 4880 septimo
858 4794 916 4859 sub
938 4793 1123 4880 Dagoberto
1145 4791 1172 4857 Ι.
1202 4790 1397 4858 Francorum
1418 4811 1496 4878 rege
1517 4791 1582 4858 veri
1604 4801 1651 4857 661

197 4897 403 4965 simillimum.
447 4894 512 4977 Qui
532 4905 753 4964 enumerantur
773 4896 867 4986 primi
888 4897 1026 4988 episcopi
1046 4898 1174 4965 minime
1196 4897 1272 4966 certi
1295 4906 1376 4962 6661.
1428 4895 1561 4964 Subdita
1582 4907 1649 4964 erat
