3925 5609
306 427 340 478 70

306 583 456 648 tributum
479 581 580 668 viget3
611 581 773 646 solvuntur
795 579 877 646 enim
900 604 919 645 a
940 579 1147 667 locupletibus
1169 579 1202 645 iu
1224 588 1294 644 actu
1315 578 1462 668 baptismi
1484 580 1514 661 5,
1546 575 1750 666 copulationis

308 689 360 768 10,
394 686 573 775 sepulturae
608 687 668 772 i¹l2
691 684 793 771 grossi
829 681 911 771 (ord.
933 705 1000 770 reg.
1023 683 1075 750 23.
1104 682 1195 748 Mart
1220 684 1327 770 1830).
1381 683 1414 748 A
1447 682 1568 749 clericis
1600 682 1642 748 ad
1671 682 1750 747 fines

246 821 249 830 ·
308 791 474 880 generales
495 791 595 856 libare
618 799 719 854 certae
741 811 879 854 summac
900 811 1021 854 annuae
1043 789 1164 870 dantur,
1196 809 1246 853 ex.
1269 810 1316 874 gr.
1338 809 1396 875 pro
1417 789 1517 856 fundo
1539 788 1750 867 emeritorum,

309 897 471 964 seminario
504 917 672 983 puerorum
706 905 764 958 cet.
821 893 937 958 Clerici
971 893 1078 981 rogari
1110 892 1221 974 solent,
1255 903 1402 980 quantam
1435 916 1587 958 summam
1615 915 1752 958 annuam

310 1002 431 1067 solvere
465 1000 569 1066 velint.
605 1039 644 1048 —
689 999 835 1065 Callemus
868 998 908 1063 ad
945 998 1023 1064 fines
1055 996 1277 1063 ecclesiasticos
1311 996 1448 1064 indicere
1480 998 1617 1086 episcopi
1651 998 1752 1063 libere

309 1115 449 1195 possunt

396 1213 426 1276 2.
449 1207 651 1288 Oocmctcria,
683 1229 773 1273 arcae
796 1206 886 1272 aedes
915 1229 1018 1271 sacras
1048 1207 1219 1293 cingentes,
1251 1207 1408 1290 ccclesiae,
1436 1207 1583 1296 capellae,
1613 1207 1754 1295 reliquae

310 1313 401 1379 aedes
424 1313 462 1378 ad
485 1312 601 1378 cultum
623 1311 759 1378 divinum
783 1311 960 1393 destinatae,
988 1311 1087 1391 aedes,
1111 1334 1191 1398 quae
1212 1312 1253 1376 ad
1274 1312 1478 1378 ministerium
1494 1313 1654 1401 pertinent
1675 1314 1755 1400 epis·

311 1441 468 1505 caporum,
486 1417 712 1498 canonicorum,
728 1415 922 1484 sacerdotum
937 1428 1125 1498 curatorum,
1147 1417 1383 1483 seminariorum
1400 1418 1503 1498 aedes,
1520 1419 1601 1484 bona
1618 1417 1755 1482 fabricae

310 1523 470 1609 vectigalis
503 1544 580 1606 agro
613 1521 747 1607 impositi
779 1530 851 1585 suut
882 1520 1046 1586 immunes.
1100 1521 1238 1603 Reditus,
1271 1545 1364 1608 quem
1398 1523 1518 1588 clericis
1549 1545 1663 1587 munus
1692 1522 1754 1603 dat,

311 1627 417 1692 eodem
456 1626 547 1692 modo
579 1625 687 1690 tributi
710 1647 750 1690 ex
773 1648 865 1690 censu
898 1626 1077 1691 conferendi
1099 1627 1300 1692 communalis
1333 1639 1381 1692 est
1412 1628 1568 1692 immunis.
1619 1627 1755 1713 Reliqua

312 1732 427 1796 tributa
449 1734 488 1798 ab
512 1731 642 1797 ecclesia
662 1739 735 1795 sunt
756 1729 915 1813 solvenda,
938 1729 1109 1818 singularia
1129 1753 1205 1797 vero
1229 1753 1289 1796 non
1313 1731 1459 1797 existunt.

972 1927 1001 2004 s.
1043 1923 1096 1988 49.

378 2069 433 2135 De
458 2068 573 2156 scandis
597 2066 804 2151 pennalibus
831 2077 864 2136 et
889 2069 1046 2137 ammam
1072 2067 1372 2138 ecclesiasticorum
1398 2069 1690 2139 administratione·

403 2253 429 2316 l.
462 2250 591 2316 Fundus
623 2252 778 2338 generalis
812 2252 895 2339 (vide
917 2258 945 2336 ξ.
968 2251 1012 2338 9.)
1044 2275 1148 2340 neque
1178 2275 1237 2342 pro
1270 2274 1371 2337 regno
1400 2275 1503 2339 neque
1532 2275 1589 2341 pro
1623 2253 1755 2338 singulis
1828 2236 1829 2327 l

315 2356 419 2422 existit
442 2356 617 2444 provinciis.
660 2357 788 2423 Recenti
817 2380 890 2424 vero
913 2367 1050 2444 tempore
1071 2358 1105 2421 in
1134 2357 1266 2444 singulis
1289 2357 1480 2422 dioecesibus
1509 2357 1626 2423 fundus
1649 2357 1756 2443 colligi

315 2471 442 2548 coeptus
475 2473 521 2526 est
552 2483 592 2525 cx
627 2462 719 2527 variis
753 2464 912 2546 reditibus,
948 2484 966 2528 e
996 2486 1059 2550 quo
1081 2485 1234 2550 expensae
1263 2463 1413 2545 feruutur,
1447 2463 1486 2528 ad
1509 2487 1585 2550 quas
1608 2462 1755 2529 ferendas

315 2587 416 2654 neque
439 2567 579 2653 specialis
602 2568 715 2633 fundus
737 2569 850 2651 existit,
874 2591 974 2658 neque
996 2568 1078 2634 ullus
1102 2569 1260 2657 obligatus
1282 2579 1340 2634 cst.

401 2674 431 2737 2.
465 2670 623 2738 Bonorum
653 2673 880 2740 administratio
913 2695 952 2738 ex
985 2673 1058 2760 lege
1090 2673 1312 2739 fundamentali
1346 2674 1432 2762 (vide
1461 2680 1489 2758 ξ.
1517 2676 1570 2739 46.
1603 2685 1688 2738 num.
1711 2675 1756 2760 4.)

316 2773 441 2841 omnino
475 2787 520 2841 cst
553 2777 658 2859 libera,
692 2778 785 2843 nullis
814 2778 881 2843 aliis
904 2779 963 2843 nisi
984 2779 1080 2866 ipsius
1104 2779 1250 2844 ecclesiae
1272 2779 1393 2866 legibus
1416 2779 1512 2844 finita.
1565 2777 1757 2866 Respublica

316 2879 435 2944 nullum
460 2880 542 2945 aliud
566 2892 689 2948 exercet
707 2884 768 2968 jus,
799 2883 858 2949 nisi
882 2882 963 2971 quod
986 2904 1027 2947 ex
1048 2883 1137 2949 titulo
1159 2883 1286 2972 speciali
1307 2885 1369 2970 (ex.
1393 2907 1440 2971 gr.
1466 2883 1539 2968 jure
1561 2884 1755 2970 patronatus)

314 2984 460 3071 possidet.
504 2984 612 3084 Etiam¹
629 2988 753 3074 patroni
775 2988 888 3074 privati
909 2987 946 3052 iis
962 2997 1084 3052 tantum
1103 2987 1225 3073 juribus
1248 2988 1401 3069 fruuntur,
1431 3010 1510 3074 quac
1533 2986 1756 3076 dispositiones

312 3092 391 3179 juris
423 3093 621 3160 ecclesiastici
653 3097 801 3162 tribuunt.
855 3096 1124 3161 Administrantur
1153 3096 1235 3159 bona
1264 3092 1464 3158 ecclesiarum
1494 3115 1513 3155 a
1545 3092 1703 3179 (parochis
1726 3100 1758 3156 ot
1833 3136 1834 3165 ,

317 3197 434 3284 aliquot
454 3200 661 3288 parochianis)
691 3202 835 3289 collegio,
865 3203 918 3288 qui
950 3210 1101 3266 vocantur
1122 3199 1231 3280 vitrici,
1261 3198 1402 3285 magistri
1423 3197 1558 3264 fabricae
1592 3196 1758 3284 (Kirchcn
1833 3216 1834 3225 ³

317 3303 396 3385 rath,
420 3302 722 3392 Kirebenvorstand)
744 3307 913 3372 secundum
936 3305 1145 3371 ordinationes
1168 3305 1207 3370 ab
1230 3303 1406 3371 Ordinariis
1427 3303 1563 3369 emissas,
1616 3301 1757 3368 Membra

318 3406 441 3494 collegii
463 3408 501 3473 ab
525 3407 698 3475 Ordinariis
720 3411 949 3477 confirmantur.

983 3607 1012 3686 §-
1056 3604 1108 3667 so.

863 3837 865 3847 Ι
924 3748 980 3819 De
1014 3748 1146 3819 sobolis.

405 3931 433 3997 l.
458 3928 574 3996 Omnes
596 3931 714 3997 scholae
735 3932 927 3999 elementares
949 3943 1024 3999 sunt
1044 3932 1282 3999 confessionales
1304 3932 1324 3995 i.
1347 3954 1373 3997 e.
1395 3940 1449 3995 aut
1471 3927 1683 4010 „catholicae“
1706 3934 1759 3990 aut

318 4033 574 4119 „evangelicae“;
607 4037 791 4123 magistrum
813 4061 837 4102 s.
869 4038 1033 4124 magistros
1063 4037 1191 4103 eandem
1223 4037 1337 4102 habere
1368 4035 1591 4100 confessionem
1625 4040 1758 4121 oportet

317 4137 377 4202 Ille
406 4138 529 4204 scholae
560 4143 716 4206 character
738 4141 903 4229 religiosus
933 4153 988 4209 aut
1009 4143 1189 4209 fundatione
1218 4152 1273 4207 aut
1293 4139 1459 4206 traditione
1481 4139 1589 4203 nititur
1611 4146 1674 4219 aut,
1706 4134 1760 4202 ubi

318 4242 447 4308 dubium
480 4244 575 4326 adest,
607 4269 626 4308 a
647 4247 799 4334 gubernio
829 4248 999 4315 secundum
1030 4258 1115 4314 certa
1143 4245 1296 4334 principia
1322 4245 1463 4310 firmatur
1491 4243 1542 4309 vel
1570 4241 1759 4329 agnoscitur.

318 4347 487 4415 Oharacter
509 4349 631 4414 scholae
653 4372 716 4416 non
738 4361 833 4434 vetat,
855 4352 970 4419 liberos
993 4354 1026 4418 in
1048 4333 1173 4419 scholae
1202 4351 1342 4416 districtu
1364 4350 1502 4416 viventes
1524 4346 1667 4415 et·altcri
1690 4369 1759 4412 con-

318 4453 442 4518 fessioni
465 4453 601 4520 addictos
632 4455 771 4521 scholam
802 4457 1011 4544 frequentare.
1065 4457 1135 4524 Lex
1168 4455 1407 4522 fundamentalis
1441 4456 1513 4545 (art.
1545 4453 1610 4540 24.)
1643 4453 1760 4533 statuit,

319 4569 373 4639 ,ut
393 4558 424 4621 in
456 4559 652 4626 instituendis
675 4561 787 4626 scholis
818 4561 1056 4628 elementaribus
1085 4561 1218 4652 publicis
1248 4559 1457 4625 conditionum
1487 4557 1761 4624 confessionalium

319 4674 469 4749 quantum
491 4665 557 4731 fieri
580 4666 683 4750 possit,
705 4667 784 4734 ratio
807 4667 989 4750 habeatur“,
1012 4678 1043 4733 ct
1064 4651 1176 4754 legem¹
1191 4665 1353 4756 promittit,
1376 4687 1438 4752 qua
1459 4665 1536 4730 hacc
1557 4685 1607 4729 res
1622 4662 1760 4727 funditus

318 4767 484 4835 ordinetur.
541 4769 630 4849 Quae
663 4771 717 4838 lex
749 4773 887 4840 nondum
922 4783 969 4838 est
1001 4773 1207 4861 promulgata
1263 4768 1398 4837 Scholae
1432 4768 1698 4850 ,simultsneae“,
1728 4767 1762 4830 in

319 4873 432 4962 quibus
468 4875 608 4963 magistri
642 4876 803 4967 utriusque
833 4876 1034 4944 confessionis
1065 4877 1099 4944 in
1128 4875 1276 4942 classibus
1309 4875 1438 4941 dirersis
1470 4875 1584 4941 docent
1618 4881 1671 4937 aut
1705 4893 1762 4962 pcr
