3925 5609
329 477 364 530 98

330 637 501 723 Augustae,
534 633 738 702 acatholicum
774 635 972 724 gymnasium
1005 637 1054 705 St.
1087 637 1200 706 Annae
1232 640 1264 705 in
1298 641 1409 709 eodem
1442 642 1557 732 oppido
1589 646 1694 713 situm.
1740 649 1782 714 In

329 741 516 828 regionibus,
547 741 600 807 ubi
624 741 768 808 catholici
789 740 884 829 longe
905 743 1005 828 major
1024 744 1134 832 populi
1155 767 1228 832 pars
1251 757 1332 828 sunt,
1356 747 1574 835 magistrorum
1598 752 1782 819 scholarum

329 846 501 910 mediarum
530 869 651 928 munus,
684 856 719 911 ut
746 847 813 912 fere
841 847 886 928 fit,
909 846 1068 912 catholicis
1096 848 1270 932 mandatur,
1294 862 1325 916 et
1347 861 1454 916 contra
1476 853 1508 918 in
1529 855 1716 942 regionibus
1739 859 1781 922 ab
1832 935 1833 944 ἵ

328 950 511 1016 acatholicis
532 951 700 1040 praecipue
729 950 863 1016 obtentis
885 951 1048 1017 acatholici
1069 961 1229 1018 vocantur.
1283 951 1348 1020 Sed
1370 956 1432 1021 hoc
1453 980 1559 1045 neque
1581 969 1667 1026 certo
1690 962 1782 1050 prin·

328 1055 409 1144 cipio
430 1056 543 1120 nititur
565 1079 666 1142 neque
688 1078 811 1143 semper
843 1077 945 1142 noque
974 1056 1091 1143 ubique
1123 1047 1224 1122 locum
1258 1058 1360 1128 habet
1404 1060 1468 1128 Ubi
1501 1063 1638 1152 denique
1667 1067 1781 1132 schola

327 1159 417 1224 unius
454 1161 656 1226 confessionis
691 1180 754 1224 non
797 1159 903 1226 existit
938 1161 1026 1249 pueri
1062 1161 1091 1226 ei
1136 1161 1250 1228 addicti
1296 1164 1422 1231 alterius
1466 1168 1586 1234 scholas
1629 1171 1780 1257 frequen-

328 1274 396 1330 tent
429 1264 510 1330 licet

987 1531 1015 1609 §-
1060 1529 1112 1591 es.

901 1705 957 1773 ne
990 1706 1193 1776 acatholicis.

410 1950 587 2016 Acatholici
609 1951 717 2038 utique
746 1951 854 2017 iisdem
884 1951 1006 2036 legibus
1035 1950 1183 2032 subsunt;
1218 1951 1326 2016 eadem
1355 1953 1443 2038 jura,
1480 1954 1591 2041 quibus
1626 1955 1773 2022 catholici
1827 1996 1831 2037 :

324 2055 479 2136 fruuntur,
502 2055 539 2120 iis
562 2067 758 2146 competunt3
782 2079 821 2122 ex
844 2057 928 2120 omni
951 2065 1040 2144 parte
1063 2079 1081 2118 a
1103 2056 1227 2122 civitate
1255 2056 1381 2144 paribus
1404 2069 1576 2124 tractantur
1599 2059 1771 2148 principiis,
1830 2058 1831 2080 ³

324 2161 417 2225 immo
441 2159 502 2226 dici
522 2171 627 2249 potest
643 2161 828 2226 melioribus.
871 2160 953 2227 Nam
977 2183 1071 2247 quum
1095 2162 1328 2248 comparaveris,
1352 2185 1430 2249 quae
1454 2186 1493 2230 ex
1509 2165 1628 2229 aerario
1644 2165 1771 2252 publico
1830 2181 1831 2192 ¹

322 2287 379 2352 pro
401 2266 569 2349 catholicis,
593 2289 672 2353 quae
694 2289 751 2353 pro
773 2265 1016 2354 protestantibus
1046 2276 1222 2352 erogentur,
1253 2265 1310 2330 hos
1333 2268 1433 2354 magis
1466 2269 1556 2355 diligi
1590 2269 1770 2335 existiman·

323 2369 396 2434 dum
426 2382 481 2452 est,
516 2370 548 2435 id
582 2371 666 2458 quod
688 2380 774 2435 tanto
798 2370 897 2456 magis
928 2370 1040 2451 elucet,
1074 2393 1169 2456 quum
1202 2370 1285 2435 bona
1318 2372 1523 2438 ecclesiastica
1557 2372 1720 2456 catholica,
1754 2399 1769 2438 a
1822 2453 1823 2457 Ἰ

321 2497 355 2539 re
378 2474 501 2562 publica
523 2486 673 2564 occupata
695 2485 726 2540 et
748 2497 888 2563 possessa
910 2474 983 2538 satis
1007 2496 1160 2561 superque
1189 2474 1422 2541 necessitatibus
1444 2477 1659 2544 ecclesiasticis
1682 2479 1767 2544 suffi-

321 2578 412 2661 ciant,
436 2579 510 2644 dum
533 2581 705 2663 acatholici,
729 2581 811 2669 quod
834 2580 1018 2664 habuerunt,
1041 2581 1144 2646 adhuc
1166 2581 1338 2670 possident.

981 2863 1009 2942 a.
1056 2859 1105 2924 ro.

656 3039 713 3106 De
738 3039 877 3108 matous
902 3061 981 3122 erqo
1008 3039 1183 3108 ecclesiam
1209 3039 1417 3124 obductione.

404 3286 628 3372 Quaecumque
659 3286 697 3349 ab
732 3284 850 3349 aerario
886 3304 943 3372 pro
977 3285 1135 3351 dotatione
1169 3306 1293 3350 mensae
1326 3285 1519 3373 episcopalis,
1557 3285 1759 3373 capitulorum

316 3390 550 3472 cathedralium,
574 3389 839 3454 administratione
863 3388 1055 3471 dioecesana,
1077 3389 1257 3471 seminariis,
1286 3389 1412 3456 fabricis
1435 3389 1637 3456 ecclesiarum
1661 3392 1758 3456 cathe-

316 3495 458 3578 dralium,
481 3495 637 3584 parochiis
653 3494 727 3559 olim
740 3493 1173 3562 monasteriisexann01803
1194 3493 1366 3582 suppressis
1389 3495 1605 3584 incorporatis,
1628 3495 1756 3561 emeritis

315 3613 346 3664 et
368 3601 522 3667 demeritis
545 3600 663 3664 clericis
686 3609 869 3688 erogantur,
892 3622 955 3680 non
976 3598 1162 3666 liberalitate
1183 3599 1238 3664 sed
1252 3599 1339 3686 juria
1361 3599 1446 3666 titolo
1460 3602 1589 3686 privato
1609 3599 1754 3680 nituntur,

316 3706 463 3772 ecclcsiae
496 3707 529 3770 in
559 3712 605 3791 ἐξ.
630 3708 681 3771 35.
705 3708 755 3772 36.
778 3729 916 3771 recessus
946 3704 1157 3794 deputationis
1180 3727 1206 3770 a.
1233 3705 1315 3769 1803
1351 3702 1500 3770 ecclesiae
1531 3705 1656 3771 tributo.
1696 3702 1754 3770 Hic

316 3812 423 3876 titulus
457 3813 490 3875 in
511 3810 723 3884 ,Concordato
763 3835 797 3877 re
831 3812 897 3900 ipsa
930 3820 976 3875 cst
1018 3809 1121 3875 denuo
1156 3809 1352 3874 confirmatus
1386 3820 1418 3874 et
1449 3797 1606 3875 incertis
1636 3809 1752 3877 summis

315 3938 490 4004 expressus.
534 3915 682 3983 Summae
718 3942 736 3981 a
768 3915 928 4004 republica
957 3915 1115 3980 annuatim
1147 3913 1266 3978 dandae
1288 3914 1442 3978 sufficiunt
1473 3914 1617 4002 quidem3
1650 3912 1750 4002 quodsi

314 4041 388 4085 vero
420 4020 571 4086 immensa
602 4021 682 4085 bona
710 4043 728 4083 a
761 4019 918 4107 republica
946 4018 1096 4106 acquisita
1125 4017 1281 4107 respicias,
1315 4018 1456 4084 liberales
1486 4041 1550 4085 non
1580 4042 1646 4085 asse
1672 4015 1748 4082 haud

315 4122 438 4190 difficile
461 4124 642 4191 confitearis.
