3925 5609
322 434 356 492 26

322 597 337 662 1
364 595 491 662 Admin.
514 593 604 677 eccl,
636 597 672 661 a'n
692 617 829 662 nmmo:
858 596 921 661 629
943 591 1045 659 66661.
1069 597 1185 663 66430
1208 619 1295 687 ooop.
1318 607 1350 664 et
1371 620 1452 687 cap,
1483 601 1526 666 10
1547 600 1660 668 admin.
1683 603 1759 670 ecel.

406 701 465 769 666
487 700 681 789 providendi.
724 699 806 764 Vide
827 698 981 765 Tabulam
1002 697 1047 765 H.

404 805 537 872 Reditus
570 804 787 872 beneficiorum
819 814 891 872 sunt
923 805 1055 887 diversi3
1091 827 1200 874 eornm
1231 830 1347 896 magna
1378 832 1451 898 pars
1486 823 1570 879 certe
1604 836 1759 880 summam

320 912 499 978 6-70011,
521 935 583 978 non
606 909 737 992 excedit,
764 910 860 976 multa
882 932 1047 976 numerum
1069 912 1197 978 54600
1220 935 1282 979 non
1305 927 1496 1003 exaequant,
1520 917 1641 1007 aliquot
1661 943 1759 1008 supra

320 1019 420 1102 1000,
448 1019 548 1098 1500,
577 1018 818 1083 accensent.
842 1016 883 1080 63
907 1016 1007 1081 66661.
1028 1037 1047 1082 6
1066 1015 1164 1084 fundo
1185 1017 1276 1105 relig.
1300 1018 1463 1103 dotantur,
1491 1022 1611 1110 reliqua
1640 1025 1760 1091 habent

318 1121 400 1187 bona
421 1122 546 1211 propria
568 1132 599 1188 et
621 1120 739 1209 aliquot
761 1143 777 1187 e
799 1119 895 1186 fundo
917 1119 1008 1206 relig.
1030 1120 1199 1186 subsidium
1225 1122 1386 1211 recipiunt

402 1225 561 1293 Ecclesiae
598 1226 740 1314 (templa)
781 1224 973 1316 parochiales
1014 1224 1055 1290 ad
1092 1225 1225 1293 eundem
1259 1249 1424 1294 numerum
1461 1232 1525 1296 629
1562 1234 1757 1320 perveniunt.

316 1331 471 1400 Numerus
493 1332 692 1399 ecclesiarum
714 1332 867 1414 filialium,
890 1329 1096 1419 capellanum,
1120 1332 1341 1416 oratoriorum,
1365 1345 1507 1402 estnon
1530 1335 1637 1425 liquet

401 1471 495 1538 VIII.
539 1472 667 1540 Sedulus
687 1475 784 1538 omnis
805 1473 933 1560 pencris.

370 1620 396 1661 a.
424 1597 611 1663 Universa'tus
631 1595 799 1684 Propensis
820 1591 1180 1664 Oarolo-Ferdinandca
1201 1592 1330 1659 fundata
1351 1617 1378 1659 a
1403 1595 1496 1678 1348,
1520 1598 1606 1683 cujus
1631 1598 1758 1669 Cancel.

417 1702 517 1767 lardm
545 1711 593 1766 est
621 1700 900 1790 Archiepiseopus;
933 1698 1009 1763 haec
1039 1698 1173 1784 dignitas
1202 1720 1311 1787 reapse
1339 1699 1441 1765 solum
1466 1701 1519 1786 jus
1547 1702 1656 1769 tribuit
1685 1729 1756 1771 eon-

415 1804 534 1871 ferendi
566 1806 760 1888 ,licentiam“
788 1805 821 1869 in
843 1827 1029 1891 unaquaque
1052 1803 1197 1868 facultate
1221 1803 1377 1885 ,doctoris
1403 1805 1537 1890 gradum
1566 1794 1691 1895 petendi
1721 1821 1756 1876 66

415 1909 618 1998 assequendi“
653 1909 841 1990 candidatis,
874 1909 928 1996 qui
949 1918 1073 1996 praeter
1095 1908 1275 1975 candidatos
1297 1908 1475 1994 theologiae
1496 1933 1598 1998 neque
1619 1913 1754 1980 interve

414 2013 518 2082 niente
542 2039 599 2103 per
623 2038 656 2080 se
683 2026 736 2080 aut
753 2037 811 2104 per
826 2013 1050 2079 mandatarium
1066 2035 1167 2100 neque
1182 2013 1372 2101 approbante
1389 2013 1556 2083 Ordinario
1572 2039 1591 2080 a
1607 2018 1755 2084 facultate

413 2120 583 2208 respectiva
604 2120 728 2186 admissi
751 2127 831 2183 sunt.
882 2117 950 2181 Aut
971 2116 1116 2182 mandato
1138 2117 1278 2203 generali
1300 2127 1354 2182 aut
1377 2119 1465 2182 -si
1488 2120 1751 2210 Archiepiseopus

414 2237 503 2293 extra
525 2225 714 2314 provinciam
736 2232 872 2288 morabar
893 2260 935 2271 -
957 2220 1055 2309 legali
1076 2232 1109 2286 ut
1137 2220 1449 2289 Viae-Gamalam
1472 2226 1614 2313 fungitur
1632 2227 1752 2294 flector.

413 2332 453 2397 In
481 2331 671 2420 professores
700 2326 888 2394 ordinandos
917 2325 1018 2392 aliave
1047 2326 1255 2392 universitatis
1284 2328 1410 2414 negotia
1439 2330 1599 2396 tractanda
1621 2331 1751 2399 Cancel-
1836 2348 1837 2367 1

412 2436 507 2502 larius
529 2435 645 2500 nullam
670 2435 731 2499 vim
756 2441 891 2499 exercet
934 2431 1104 2500 Auditores
1126 2433 1231 2497 facult.
1254 2432 1348 2499 theol.
1372 2445 1402 2499 et
1423 2434 1540 2500 alumni
1562 2436 1656 2502 iidem
1670 2449 1751 2503 sunt

412 2541 541 2608 Praeter
563 2541 620 2607 hos
642 2540 797 2606 scholares
820 2537 951 2601 aliarum
973 2536 1157 2601 facultatum
1178 2538 1246 2604 fere
1267 2560 1425 2626 nunquam
1455 2539 1554 2605 ullum
1584 2541 1753 2628 collegium

414 2646 623 2734 theologicum
646 2648 859 2732 frequentant,
893 2652 1000 2706 contra
1021 2641 1194 2729 theologiae
1223 2642 1353 2709 studiosi
1381 2652 1504 2731 praeter
1532 2668 1628 2711 unum
1658 2646 1752 2712 colle·

411 2752 497 2839 gium
522 2753 541 2817 3
566 2752 667 2817 horor.
690 2773 746 2838 per
769 2746 995 2814 hebdomadem
1016 2747 1266 2836 philosophicum
1287 2758 1318 2814 et
1341 2748 1566 2838 paedagogium
1595 2751 1752 2818 rarissime

414 2867 466 2922 aut
488 2859 552 2922 fere
574 2879 730 2943 nunquam
754 2853 851 2920 ullum
873 2852 1106 2942 philosophiae,
1140 2852 1300 2934 historiae,
1330 2853 1526 2920 scientiarum
1554 2859 1752 2942 naturalium,

408 2961 488 3047 juris
511 2971 566 3027 cet.
592 2960 757 3047 collegium
778 2959 988 3046 frequentant,
1010 2957 1105 3023 immo
1128 2959 1324 3045 frequentare
1345 2970 1482 3046 possunt
1525 2960 1662 3028 Dotatur
1682 2964 1751 3029 uni-

405 3057 557 3148 6666666,
592 3087 670 3154 quae
699 3066 781 3130 bona
809 3061 936 3151 propria
963 3084 1027 3127 non
1056 3062 1151 3127 habet
1181 3101 1220 3112 -
1251 3060 1381 3128 facultas
1406 3064 1542 3150 juridica
1569 3075 1600 3131 et
1628 3068 1750 3134 medica

412 3171 527 3235 habent
548 3170 710 3258 praedium
732 3192 751 3232 a
772 3168 924 3255 gubernio
955 3161 1204 3232 administratum
1226 3206 1266 3216 —
1290 3189 1330 3234 ex
1351 3168 1448 3235 fundo
1477 3162 1660 3236 studiorum'
1679 3195 1750 3239 cum

411 3299 529 3341 summa
554 3276 689 3340 ¹49.765
713 3273 894 3364 (secundum
916 3272 1045 3358 Budget
1066 3295 1093 3338 a.
1118 3273 1232 3355 18631,
1254 3272 1288 3337 in
1311 3295 1372 3361 qua
1394 3298 1495 3340 omnes
1517 3297 1670 3363 expensae
1693 3301 1750 3366 pro

407 3380 607 3445 universitate
630 3387 661 3444 et
682 3377 828 3442 institutis
851 3399 922 3441 oum
942 3376 1011 3465 ipsa
1040 3375 1212 3461 conjunctis
1242 3376 1450 3442 continentur.
1495 3377 1663 3468 Expensae
1692 3404 1750 3469 pro
1834 3392 1835 3407 ¹

406 3485 511 3550 facult.
534 3483 710 3570 theologica
731 3507 772 3549 ex
792 3482 890 3548 fundo
904 3480 1067 3569 religionis
1082 3478 1179 3545 fundo
1195 3480 1368 3546 studiorum
1383 3482 1595 3548 restituuntur.
1632 3484 1748 3577 Itaque

407 3612 445 3654 ex
485 3592 609 3655 ceramo
636 3588 761 3675 publico
804 3625 847 3635 -
890 3609 964 3650 nam
1003 3585 1119 3650 fundus
1161 3584 1334 3649 studiorum
1374 3585 1448 3652 boh.
1482 3587 1575 3653 habet
1613 3588 1748 3654 reditum

407 3695 547 3761 252.560
567 3694 597 3758 fl.
623 3733 663 3743 -
685 3692 811 3758 omnino
832 3691 911 3756 nihil
932 3690 965 3754 in
988 3689 1220 3754 universitatem
1242 3689 1423 3772 insumitur,
1457 3715 1537 3777 quae
1567 3704 1674 3759 contra
1705 3716 1747 3759 ex

331 3837 333 3846 ι
406 3801 554 3866 reditibus
577 3800 728 3866 bonorum
743 3795 1021 3864 ecclesiasticorum
1036 3801 1236 3859 sustentatur.
1273 3792 1413 3882 (Adsunt
1428 3794 1461 3860 in
1475 3797 1620 3864 facultate
1642 3799 1748 3865 theol:

406 3905 533 3971 6Prof.
566 3903 633 3971 ord.
667 3907 687 3970 2
716 3902 862 3991 privatim
896 3900 1043 3966 docentes
1076 3901 1096 3963 2
1132 3897 1324 3984 ,adjuncti;“
1352 3899 1455 3986 jurid.
1491 3903 1532 3967 10
1563 3902 1648 3970 Prof.
1681 3903 1747 3969 ord.

407 4010 436 4096 (1
463 4008 561 4073 asath.
586 4010 600 4073 1
624 4007 714 4095 jud),
737 4008 757 4071 6
781 4003 947 4087 extraord,
970 4007 999 4069 2·
1013 4003 1158 4092 privatim
1181 4002 1340 4085 docentes;
1363 4003 1483 4070 medica
1507 4008 1546 4071 12
1561 4006 1648 4072 Prof.
1670 4008 1747 4089 ord,

406 4117 426 4179 9
449 4111 619 4194 extraord,
645 4113 685 4176 14
706 4112 815 4200 privat.
840 4112 907 4178 doc.
931 4112 964 4195 (2
984 4110 1083 4197 jud),
1109 4109 1149 4175 13
1172 4109 1270 4174 assist.
1294 4108 1323 4196 (1
1346 4108 1447 4195 jud.);
1463 4109 1576 4196 philos.
1601 4113 1642 4177 18
1661 4112 1746 4178 Prof.

407 4217 472 4284 ord.
496 4220 526 4305 (1
553 4216 673 4304 66666),
697 4220 717 4282 6
739 4214 895 4284 extraord.
918 4217 948 4303 (1
975 4217 1075 4281 66666.
1100 4217 1114 4280 1
1135 4213 1228 4303 jud),
1253 4214 1377 4303 4priv.
1401 4213 1485 4296 doc,
1509 4217 1529 4279 6
1554 4215 1745 4302 ᾖ6663166611,
1832 4218 1833 4221 ’

407 4325 421 4388 1
448 4323 610 4409 adjunctus
632 4321 776 4410 speculae
797 4321 1037 4405 astronomicae,
1062 4322 1081 4387 3
1105 4321 1217 4410 assist)
1241 4361 1282 4370 -

352 4444 381 4509 b.
405 4445 520 4514 Schola
541 4443 773 4533 polyteehniaa,
797 4464 877 4530 quae
899 4450 1045 4523 vocatur,
1071 4439 1197 4506 fundata
1219 4451 1250 4507 66
1271 4441 1378 4509 dotata
1397 4465 1455 4531 per
1478 4454 1594 4526 ,status
1617 4447 1743 4534 regni;“

405 4572 474 4614 eum
498 4573 559 4636 qua
581 4547 751 4616 Ordinatio
773 4556 804 4614 66
825 4546 982 4612 Ecclesiae
1004 4546 1125 4611 nullum
1147 4557 1193 4613 est
1214 4549 1431 4615 commercium
1453 4548 1506 4615 vel
1526 4549 1666 4616 societas.

359 4693 385 4736 c·
410 4669 586 4760 Gymnana
617 4669 784 4738 canotus:
815 4670 974 4761 superiora
1002 4674 1024 4738 2
1053 4671 1178 4756 eccles,
1213 4674 1232 4738 3
1264 4673 1361 4756 civil,
1388 4673 1536 4742 inferiora
1567 4676 1589 4740 2
1619 4674 1742 4756 666166(
1831 4698 1832 4709 .

404 4775 577 4856 acatholica
598 4798 661 4842 non
684 4778 829 4844 existunt.

352 4899 382 4965 6.
407 4898 535 4966 6666166
556 4899 653 4966 reales
675 4899 857 4968 6666666666
878 4899 1055 4990 superiores
1078 4900 1099 4965 3
1121 4899 1203 4966 civil.
