3925 5609
327 465 360 527 68

415 629 443 694 3.
473 625 605 691 Plurimi
634 620 840 715 parochorum
870 635 1095 714 cooperatores,
1125 623 1178 713 qni
1207 649 1281 690 mox
1303 623 1460 713 capellani
1489 648 1561 691 mox
1581 625 1695 692 aaa&
1714 649 1768 692 vo-

328 742 448 812 cantur,
478 731 511 795 in
535 730 726 796 dioecesibus
748 729 949 812 Paderborn,
972 730 1152 812 Monaster,
1175 728 1288 811 Culm,
1320 730 1446 812 Verm,
1468 731 1562 797 Posn.
1584 741 1616 797 et
1638 730 1768 813 Gncsn,

327 835 492 901 Vratislav.
522 834 665 921 beneficia
685 833 808 916 habent,
837 835 928 923 pauci
958 835 1035 900 meri
1058 844 1131 899 suut
1159 844 1385 922 cooperatores,
1415 859 1494 921 quos
1523 834 1706 901 Ordinarius
1728 836 1768 900 ad

325 951 434 1005 nutum
468 937 646 1004 amoribiles
679 937 810 1003 ordinat.
865 938 904 1002 In
938 939 1121 1005 dioecesium
1144 939 1254 1006 Colon.
1284 951 1316 1003 et
1344 939 1465 1005 Treuir.
1495 940 1674 1026 regionibus
1704 940 1768 1024 juri

325 1044 439 1131 gallico
471 1042 618 1131 subjectis
649 1064 754 1107 omnes
784 1042 956 1108 sacerdotes
979 1065 1084 1108 curam
1107 1044 1280 1108 animarum
1309 1055 1499 1126 exercentes,
1529 1045 1602 1110 solis
1624 1044 1768 1132 parochis

325 1148 576 1230 ,cantonalibus“
601 1146 747 1234 exceptis,
773 1147 831 1228 ,ad
855 1157 965 1212 nutum
988 1157 1060 1212 sunt
1082 1146 1292 1212 amoribiles.“

410 1281 439 1347 4.
461 1278 630 1344 Perochiae
653 1277 690 1340 iis
713 1286 830 1341 tantum
854 1269 1068 1360 conferuntur,
1101 1277 1154 1365 qui
1177 1277 1210 1341 in
1232 1301 1394 1344 concursant
1409 1279 1604 1365 patrocinalis
1625 1279 1768 1345 examine

323 1394 395 1450 sunt
428 1381 601 1470 approbati.
655 1379 727 1446 Hoc
750 1403 882 1446 examen
912 1391 959 1446 est
989 1380 1136 1466 generale
1169 1401 1208 1446 ex
1231 1381 1428 1447 facultatibus
1451 1408 1469 1446 a
1491 1381 1524 1450 S.
1547 1382 1630 1450 Sede
1651 1384 1684 1448 in
1707 1385 1769 1448 sin·

322 1489 398 1575 gula
431 1486 563 1551 triennia
596 1484 749 1549 concessis
771 1485 945 1550 institutum
978 1485 1018 1548 ad
1046 1507 1170 1550 normas
1198 1485 1235 1550 iis
1269 1485 1395 1569 similes,
1427 1510 1507 1574 quae
1539 1510 1634 1577 supra
1666 1490 1707 1575 (ᾗ.
1739 1491 1768 1553 5.

321 1594 378 1658 sub
401 1594 443 1678 3.)
467 1590 624 1678 expositae
646 1598 726 1656 sunt.
770 1589 889 1675 Aliqua
911 1589 1058 1676 parochia
1079 1599 1209 1655 vacante
1238 1589 1302 1656 fere
1323 1613 1480 1678 nusquam
1504 1613 1669 1657 concursus
1691 1593 1769 1656 indi-

321 1698 409 1779 citur,
441 1695 504 1778 sed,
536 1717 632 1782 quum
663 1702 775 1780 agatur
798 1693 837 1759 de
858 1693 1006 1782 parochia
1028 1693 1184 1760 coHationi
1214 1693 1330 1759 liberae
1352 1695 1499 1784 subjecta,
1523 1694 1708 1762 Ordinarius
1731 1698 1768 1778 ei,

322 1825 414 1889 quem
438 1802 567 1887 dignum
591 1797 756 1879 existimat,
780 1799 906 1880 confert,
943 1821 1039 1885 quum
1060 1821 1134 1864 vcro
1156 1799 1333 1886 patronatui
1356 1801 1522 1886 subjaceat,
1551 1810 1701 1890 patronus
1730 1823 1770 1867 ex

211 1891 213 1898 ’
320 1906 563 1994 approbatorum
587 1925 716 1968 numero
740 1925 834 1967 unum
857 1913 1046 1991 praesentat.

407 2041 434 2102 5.
458 2035 513 2102 Uti
537 2056 554 2100 e
577 2034 682 2099 tabula
703 2031 747 2097 Π.
770 2045 910 2120 apparet,
941 2033 973 2096 in
996 2032 1115 2119 aliquot
1136 2032 1327 2099 dioecesibus
1357 2034 1454 2122 longe
1476 2035 1631 2100 maximus
1654 2035 1769 2100 benefi-

319 2143 436 2206 ciorum
467 2162 615 2205 uumerus
646 2139 762 2204 liberae
792 2147 838 2202 est
867 2137 1050 2218 collationis,
1083 2137 1114 2201 in
1149 2137 1217 2202 aliis
1240 2160 1372 2224 magnus
1396 2139 1522 2226 quidem
1545 2150 1767 2227 patronatuum

317 2268 474 2325 numeruS,
509 2244 563 2309 sed
585 2243 713 2308 minime
742 2241 822 2323 talia,
856 2252 891 2306 ut
920 2241 1069 2306 ordinarii
1097 2241 1180 2305 viros
1210 2230 1322 2329 dignos
1351 2243 1555 2330 promovendi
1585 2243 1767 2309 facultatem

316 2374 380 2416 non
402 2351 545 2415 habeant.
591 2347 799 2434 Quapropter,
823 2346 847 2411 si
870 2345 964 2410 addas
987 2369 1135 2432 maguum
1152 2345 1369 2413 beneficiorum
1387 2371 1550 2413 numerum
1574 2359 1605 2414 et
1627 2348 1767 2414 conside-

317 2477 377 2536 res,
401 2454 536 2543 plurima
557 2451 707 2516 beneficia
738 2448 776 2514 ad
800 2450 914 2516 victum
937 2450 1101 2515 honestum
1131 2451 1344 2536 praebendum
1366 2452 1515 2534 sufficere,
1548 2463 1634 2518 recte
1664 2453 1766 2518 dicen-

317 2561 390 2624 dum
424 2569 478 2640 est,
512 2557 694 2622 clericorum
729 2554 937 2620 conditionem
971 2555 1069 2620 multo
1102 2555 1261 2619 meliorem
1295 2578 1369 2636 esse,
1408 2579 1501 2643 quam
1534 2559 1765 2625 austriacorum.

314 2665 427 2751 Itaque
450 2663 493 2745 fit,
526 2673 561 2726 ut
582 2661 615 2725 in
637 2660 756 2748 aliquot
786 2658 973 2724 dioecesibus
1004 2681 1065 2724 non
1087 2659 1179 2725 modo
1208 2682 1272 2724 non
1295 2659 1376 2725 adsit
1404 2661 1599 2727 sacerdotnm
1621 2663 1761 2750 penuria,

315 2768 483 2836 sedetiam
506 2765 703 2848 abundantia,
727 2773 758 2830 et
780 2763 880 2829 clerus
902 2763 1086 2851 regulariter
1112 2763 1293 2854 suppleatur
1315 2788 1377 2830 non
1402 2775 1522 2831 tautum
1554 2789 1592 2831 ex
1616 2767 1762 2855 inopibus

315 2885 345 2940 et
368 2872 478 2938 humili
500 2872 570 2937 loco
594 2870 675 2935 natis
697 2891 805 2934 verum
834 2891 986 2956 persaepe
1017 2891 1057 2933 ex
1086 2869 1270 2934 honestioris
1300 2869 1361 2934 loci
1386 2871 1563 2956 juvenibus.
1614 2870 1760 2939 Profecto

315 2980 448 3065 denique
483 2976 629 3041 affirmari
663 2975 767 3056 debet,
800 2984 895 3038 totam
931 2973 1006 3038 cleri
1039 2972 1249 3039 conditionem
1283 2974 1395 3038 bonam
1428 2997 1504 3056 esse,
1540 2974 1657 3064 ubique
1690 2998 1762 3041 eum

314 3082 494 3150 auctoritate
516 3079 637 3162 florere,
661 3079 843 3167 pracsertim
868 3101 963 3165 quum
986 3077 1103 3163 singuli
1124 3099 1187 3142 non
1210 3077 1302 3141 alieni
1324 3079 1386 3144 sint
1408 3103 1426 3142 a
1447 3080 1555 3145 literis.

400 3216 428 3280 6.
453 3211 582 3276 Fructus
604 3209 814 3296 beneficiorum
836 3209 1037 3274 intercalares
1060 3208 1200 3274 deductis
1223 3207 1497 3276 administrationis
1528 3211 1674 3297 expensis
1696 3213 1763 3300 ple·

315 3341 446 3405 rumque
468 3316 564 3404 ipsius
587 3314 729 3380 beneficii
752 3315 839 3379 fiunt.
897 3313 959 3382 Ubi
980 3335 1057 3378 vero
1081 3312 1294 3394 communitas,
1329 3325 1363 3378 ut
1384 3314 1416 3376 iu
1439 3313 1630 3380 dioecesibus
1653 3314 1762 3383 Oolon.

316 3435 346 3489 et
368 3422 489 3488 Trevir.
512 3419 641 3508 parochi
662 3418 713 3483 vel
735 3418 841 3484 vicarii
864 3417 1012 3483 salarium
1043 3427 1095 3480 aut
1117 3427 1215 3482 totum
1237 3428 1291 3482 aut
1313 3440 1369 3504 pro
1391 3429 1480 3506 parte
1501 3418 1601 3502 solvit,
1632 3433 1762 3485 vacante

315 3527 463 3594 beneficio
484 3549 547 3589 non
570 3523 708 3604 solvitur,
731 3533 860 3610 excepto
883 3521 1141 3587 administratoris
1162 3521 1285 3586 salario.

402 3659 431 3725 7.
456 3655 585 3723 Collatia
601 3654 856 3742 praebendarum
877 3655 1109 3740 capitular-inm.
1142 3652 1380 3740 Praepositam
1394 3653 1599 3740 capitulorum
1615 3656 1760 3744 archiep,

317 3762 483 3828 cathedral.
517 3773 548 3826 et
575 3761 761 3846 Aquisgran.
793 3770 822 3824 et
851 3761 1051 3825 canonicatus
1071 3758 1223 3822 manibus
1245 3758 1419 3844 papalibus
1448 3773 1612 3825 vacaturos
1643 3763 1761 3827 confert

317 3891 455 3932 summus
476 3865 633 3945 Pontifex,
664 3866 716 3952 qui
739 3863 818 3952 Rea·
847 3887 904 3951 per
926 3863 1080 3928 indultum
1110 3861 1325 3950 provisionem
1349 3863 1502 3928 concessit
1530 3874 1562 3929 et
1590 3867 1758 3945 nominato,

316 3973 493 4040 idoneitatis
524 3969 697 4036 testimonio
720 3969 759 4032 ab
783 3968 951 4034 Ordinario
975 3977 1110 4054 accepto,
1141 3965 1367 4032 institutionem
1391 3967 1445 4031 dat
1466 3969 1656 4036 canonicam.
1704 3972 1759 4037 Uc-

317 4081 477 4144 nonicctns
510 4076 638 4162 reliquis
672 4095 725 4138 scx
759 4073 915 4138 mensibus
945 4082 1107 4135 vacaturos
1136 4081 1168 4135 et
1196 4093 1301 4137 omnes
1332 4076 1501 4138 siccamen
1522 4097 1545 4139 s.
1566 4076 1759 4162 praebendas

318 4183 414 4265 libere
437 4181 599 4248 conferunt
621 4177 844 4265 archiepiscopi
868 4187 899 4241 et
920 4176 1056 4265 episcopi
1079 4175 1254 4262 respectivi.

978 4373 1006 4450 §-
1050 4369 1101 4432 46.

902 4513 959 4581 De
985 4470 1174 4602 Episcopatu.

431 4705 458 4766 l.
492 4702 610 4770 Omnes
643 4700 778 4788 episcopi
810 4696 977 4764 secundum
1011 4698 1128 4762 bullam
1162 4698 1233 4778 ,De
1261 4697 1359 4764 salute
1380 4698 1572 4764 animarum“
1605 4701 1759 4790 eliqmatnr

323 4807 514 4894 accpitulis,
552 4829 631 4894 quae
661 4827 702 4870 ex
731 4805 816 4870 brevi
839 4801 996 4890 pontificio
1018 4801 1079 4868 diei
1105 4804 1153 4868 18.
1174 4802 1250 4869 dun.
1276 4803 1355 4868 1821
1382 4814 1453 4869 aute
1479 4804 1663 4872 electionem
1685 4803 1758 4870 certi

324 4933 392 4978 esse
414 4909 530 4978 debent
551 4921 703 4994 tenentur,
726 4934 765 4976 ne
786 4931 917 4998 persona
941 4907 1086 4994 eligenda
1107 4907 1176 4993 regi
1196 4907 1238 4972 sit
1258 4907 1360 4974 minus
1380 4919 1480 4995 grata
