3925 5609
316 455 355 525 itti

316 618 454 716 partibus
489 615 630 694 catholici
666 635 719 692 aut
740 625 799 690 soli
821 637 875 691 aut
897 634 981 691 certe
1010 619 1112 710 major
1144 611 1315 690 incolarum
1347 633 1419 712 pars
1452 611 1523 707 sint,
1555 625 1589 688 in
1621 622 1759 712 partibus

316 732 403 796 novis
433 754 507 798 vero
537 730 698 796 acatholici
727 730 822 816 longe
851 731 1059 818 praevaleant,
1115 730 1188 811 Qua
1218 752 1253 795 re
1284 753 1374 816 saepe
1397 753 1503 795 curam
1534 731 1706 797 animarum
1729 737 1759 793 et

316 837 414 924 ipsam
431 835 680 921 jurisdictionem
702 857 768 902 esse
791 834 948 899 difficilem
971 845 1100 900 constat.

977 1022 1005 1100 §-
1050 1018 1101 1083 43.

841 1135 898 1214 Dc
923 1153 1015 1212 statu
1041 1146 1235 1212 ammarum.

402 1297 557 1398 Registra,
592 1333 671 1398 quae
699 1320 859 1392 vocantur,
890 1320 988 1374 status
1017 1310 1117 1375 civilis
1153 1311 1256 1402 (cf.·§.
1278 1308 1323 1395 2.)
1355 1307 1388 1371 in
1421 1306 1610 1372 dioecesibus
1643 1309 1759 1390 Varm,

317 1413 427 1498 Culm,
458 1415 576 1482 Gnesn.
600 1426 630 1480 et
652 1415 795 1497 Posnan,
825 1414 1001 1497 Vratislav,
1023 1414 1223 1497 Pederborn,
1254 1412 1387 1478 Monast
1418 1411 1520 1499 quoad
1549 1412 1759 1479 catholicosa

316 1521 458 1608 parochis
488 1520 646 1586 catholicis
670 1519 875 1585 conficiuntur
905 1530 937 1584 ct
959 1518 1194 1584 fundamentum
1216 1518 1370 1583 habentur
1390 1527 1489 1582 status
1523 1516 1622 1581 civilis
1657 1519 1760 1604 quoad

318 1623 550 1710 rempublicam.
614 1623 814 1710 Exemplaria
854 1623 991 1688 indicum
1031 1637 1223 1689 mortuorum
1264 1621 1467 1686 trimestrium
1514 1631 1546 1685 et
1585 1620 1647 1686 fine
1689 1622 1762 1684 anni

318 1728 522 1814 registrorum
545 1738 718 1794 ceterorum
740 1725 946 1792 tribunalibus
973 1729 1050 1792 1maa
1077 1725 1241 1791 instantiae
1269 1749 1288 1788 a
1315 1725 1460 1812 parochis
1489 1725 1662 1791 traduntur.
1709 1727 1761 1790 Ad

319 1831 525 1897 conficiendos
548 1830 663 1897 indices
682 1833 831 1916 juvenum
855 1831 893 1894 ad
915 1831 1058 1895 militiam
1081 1831 1288 1917 obligatorum
1304 1841 1335 1895 et
1352 1829 1461 1917 populi
1480 1853 1626 1895 numerus
1648 1829 1761 1918 baptis-

319 1961 455 2018 morum,
485 1937 767 2018 matrimoniorum,
797 1947 990 2003 mortuorum
1019 1935 1128 2001 officiis
1160 1934 1256 2021 regiis
1284 1934 1609 2022 (Laudrathsitmtern)
1640 1935 1762 2000 dantur.

319 2040 566 2106 Ordinariatibus
595 2041 710 2106 indices
742 2040 1033 2106 communicantium
1064 2051 1095 2105 ct
1125 2039 1296 2103 animarum
1320 2038 1468 2126 cujusque
1499 2040 1664 2128 parochiae
1687 2063 1763 2126 quo·

317 2146 417 2210 tannis
440 2145 613 2212 traduntur.
669 2146 793 2211 Revisio
817 2147 1015 2210 matricarum
1037 2146 1073 2209 fit
1095 2145 1130 2208 in
1153 2142 1312 2208 visitandis
1333 2143 1499 2230 parochiis.

403 2251 442 2314 Iu
476 2250 665 2315 dioecesibus
696 2249 876 2317 Coloniensi
911 2260 942 2316 et
973 2250 1164 2331 Trevirensi,
1202 2247 1255 2313 ubi
1282 2248 1334 2332 jus
1368 2249 1635 2334 franco-gallicum
1668 2248 1764 2334 viget,

318 2355 470 2442 (exceptis
500 2355 537 2419 iis
559 2355 749 2442 regionibus,
780 2354 833 2419 ubi
852 2356 904 2440 jus
929 2357 1119 2420 borussicum
1150 2353 1201 2418 vel
1224 2374 1386 2417 commune
1408 2352 1537 2434 obtinet,
1570 2376 1629 2440 pro
1654 2353 1764 2440 quibus

317 2459 409 2540 idem,
444 2470 600 2547 utsupra,
632 2459 796 2523 dicendum
820 2460 879 2546 est)
903 2461 1048 2525 matricae
1069 2457 1292 2525 ecclesiasticae
1312 2459 1348 2522 ia
1361 2458 1439 2544 foro
1461 2458 1546 2522 aviti
1569 2479 1630 2521 non
1653 2480 1764 2543 agnos·

318 2575 443 2645 cuntur;
475 2562 641 2645 ,officiales
671 2574 768 2628 status
801 2564 920 2630 civilis“
945 2576 1072 2630 eventus
1102 2565 1172 2629 illos
1192 2563 1331 2630 referunt
1359 2562 1391 2626 in
1413 2561 1530 2628 indices
1560 2562 1703 2650 publicos
1727 2585 1764 2627 ex

317 2668 427 2755 hisque
449 2668 482 2732 in
512 2667 705 2732 documentis
727 2668 859 2755 publicis
883 2680 1045 2734 testantur.
1099 2667 1310 2734 Nihilominus
1333 2689 1405 2731 vero
1428 2666 1553 2732 eaedem
1575 2666 1765 2731 matricaea

316 2771 460 2858 parochis
490 2782 653 2858 geruntur,
685 2773 738 2858 qui
761 2777 925 2862 quotannis
958 2773 1172 2839 Ordinariatui
1194 2771 1330 2836 indicem
1360 2770 1626 2836 matrimoniorum
1650 2771 1764 2835 cathol.

317 2887 348 2941 et
369 2877 545 2958 mixtorum,
575 2877 811 2944 conversionum
833 2879 873 2942 ad
902 2878 994 2942 fidem
1026 2879 1114 2959 cath,
1137 2877 1361 2965 aposta-siarum
1383 2899 1402 2938 a
1424 2875 1486 2941 fide
1508 2876 1598 2959 cath,
1621 2887 1654 2941 et
1685 2900 1765 2942 nova

316 2981 521 3054 schematismi
561 2982 697 3050 editione
719 2982 859 3047 facienda
899 2993 1098 3070 conspectum
1137 2983 1326 3061 animarum,
1368 2980 1605 3058 beneficiorum,
1645 2980 1765 3047 schola-

317 3109 386 3150 rum
409 3096 465 3150 cet.
488 3085 609 3152 tradere
632 3096 704 3152 sunt
721 3087 811 3171 jussi.

978 3274 1006 3353 ἓ.
1050 3271 1101 3336 44.

943 3398 1000 3464 De
1035 3397 1134 3465 clero.

403 3545 429 3610 Ι.
452 3545 664 3612 Educatio.
710 3548 738 3611 l.
762 3546 941 3612 Semiramio
955 3569 1129 3632 puerorum
1144 3546 1240 3610 hocce
1256 3554 1412 3610 momento
1428 3545 1461 3608 in
1478 3543 1620 3608 omnibus
1644 3545 1765 3612 dioece-

318 3653 401 3716 sibus
424 3652 570 3731 existunt,
595 3672 674 3736 quae
698 3649 873 3715 Ordinariis
896 3660 1016 3714 tantum
1039 3651 1177 3734 subjecta
1199 3649 1389 3714 sustinentur
1412 3672 1453 3714 ex
1476 3649 1695 3715 donationibus
1708 3662 1764 3718 cet.

320 3757 360 3845 (ξ.
384 3757 436 3843 3.).
492 3755 621 3820 Alumni
651 3756 850 3842 gymnasium
879 3754 1037 3842 publicum
1067 3755 1277 3840 frequentant,
1312 3753 1372 3818 nisi
1401 3776 1473 3818 cum
1502 3754 1569 3842 ipsc
1598 3756 1765 3820 seminario

318 3860 516 3947 gymnasium
538 3860 713 3948 episcopale
737 3859 918 3946 (privatum)
942 3859 982 3922 sit
1005 3860 1202 3943 conjunctum
1225 3857 1328 3944 (utin
1351 3858 1449 3923 dioec:
1465 3857 1657 3945 Monaster.).
1703 3859 1766 3940 Qui

319 3987 456 4046 examen,
481 3965 565 4050 quod
587 3975 713 4028 vocatur
727 3965 921 4046 maturitatis,
943 3986 1008 4029 non
1029 3974 1261 4051 superaverunt,
1287 3962 1327 4026 ad
1348 3962 1524 4049 theologiae
1545 3963 1681 4027 studium
1703 3986 1766 4029 non

320 4068 532 4134 admittuntur.
577 4068 803 4156 Episcoporum
826 4079 874 4133 est
896 4068 993 4133 libere
1016 4068 1171 4148 ordinare,
1195 4089 1274 4153 quos
1297 4064 1442 4132 Oenones
1464 4068 1660 4154 permittunt.

371 4227 375 4240 .
405 4177 434 4240 2.
459 4172 625 4260 Candidati
648 4173 812 4260 theolopa'ce
834 4173 992 4237 studentes
1015 4172 1120 4236 autin
1151 4170 1352 4236 universitate
1382 4172 1433 4236 vel
1463 4170 1621 4236 academia
1642 4171 1767 4259 publica

319 4278 485 4342 triennium
515 4278 724 4343 academicum
753 4277 925 4360 absolvunt,
958 4276 991 4340 id
1020 4276 1106 4362 quod
1136 4275 1218 4340 valet
1245 4274 1278 4338 in
1309 4274 1504 4341 dioecesibus
1528 4273 1715 4340 Coloniensi
1738 4285 1767 4340 et

320 4381 569 4462 Monasteriensi,
593 4406 654 4469 quo
689 4384 769 4447 lacto
798 4404 855 4470 per
888 4403 1004 4445 annum
1037 4381 1101 4444 sive
1134 4402 1250 4445 annum
1283 4391 1314 4445 et
1344 4379 1509 4444 dimidium
1539 4379 1573 4442 in
1602 4379 1766 4444 seminario

321 4488 447 4573 degunt.
493 4486 594 4565 Quam
619 4487 850 4551 universitatem
872 4485 920 4550 vel
944 4484 1132 4550 academiam
1153 4484 1238 4549 adire
1261 4484 1365 4567 velint,
1395 4506 1503 4549 corum
1525 4483 1654 4548 arbitrio
1677 4483 1767 4549 relin-

322 4593 433 4679 quitur.
488 4591 556 4656 Aut
578 4591 612 4655 in
634 4592 791 4656 academia
814 4615 836 4655 s.
860 4591 950 4679 lyceo
974 4612 1045 4654 cum
1066 4589 1231 4655 seminario
1253 4589 1429 4676 conjuncto,
1460 4589 1551 4653 utin
1574 4588 1766 4653 dioecesibus

320 4698 455 4762 Pcsnan.
489 4705 520 4760 et
554 4695 738 4778 Gnesncnsi,
777 4693 962 4776 Varmiensi,
996 4692 1165 4775 Culmensi,
1209 4693 1410 4775 Paderborn,
1434 4691 1565 4774 Trevir,
1598 4691 1766 4757 triennium

322 4800 486 4878 absolvunt
507 4809 538 4864 et
560 4799 673 4866 deinde
694 4801 734 4864 in·
749 4799 949 4866 seminarium
973 4799 1174 4886 recipiuntur.
1218 4797 1288 4863 Hoc
1310 4820 1383 4862 casu
1397 4796 1525 4886 plurimi
1541 4797 1575 4862 in
1591 4795 1765 4875 seminario,

322 4906 440 4993 aliquot
463 4926 536 4970 vero
565 4904 598 4968 in
628 4905 695 4992 ipsa
723 4903 848 4970 civitate
878 4903 997 4969 vivunt
1053 4903 1117 4971 Sed
1150 4903 1182 4967 in
1216 4903 1265 4968 his
1298 4923 1422 4989 quoque
1456 4899 1655 4969 dioecesibus
1687 4897 1767 4966 nihil
