3925 5609
317 449 350 506 12

313 631 418 697 neque
441 620 523 677 certa
545 633 677 701 persona
700 609 838 698 obligata
868 622 922 676 est.
967 611 1134 678 Praeterea
1162 634 1264 694 onera,
1301 635 1382 699 quae
1415 611 1511 700 ipsius
1543 612 1634 678 fundi
1671 612 1778 678 bonis
1834 598 1835 611 ¹

312 714 482 798 imminent,
507 715 640 803 exempli
663 715 764 801 gratia
785 735 879 780 onera
896 717 975 802 juris
997 727 1177 804 patronatus
1200 727 1266 797 661,
1289 716 1444 806 portanda
1465 726 1545 781 sunt.

398 818 442 887 II.
475 821 603 884 Fundus
624 821 803 900 studiorum,
831 823 993 909 formatus
1028 821 1132 910 [rescl.
1155 822 1236 909 Imp.
1259 821 1377 886 Mariae
1403 821 1571 886 Therasiae
1600 822 1651 887 23.
1681 822 1775 887 Dee.

315 924 410 1012 1774]
434 948 451 990 6
472 926 560 990 bonis
584 925 788 1010 collegiorum
811 925 972 992 Societatis
995 925 1072 992 Jesu
1095 949 1113 989 a
1136 926 1235 994 Clam.
1258 926 1294 990 P.
1317 925 1407 990 XIV.
1430 948 1614 1014 suppressae
1635 936 1667 990 61
1695 927 1774 990 11111

311 1037 418 1116 postea
451 1030 481 1095 ei
513 1030 717 1119 incorporatis
754 1031 849 1114 bouis,
883 1031 1052 1095 destinatus
1083 1031 1143 1096 fuit
1175 1031 1215 1096 ad
1249 1029 1464 1095 sustentandas
1493 1031 1544 1096 vel
1565 1030 1774 1118 adjuvandas

312 1133 526 1200 universitates
559 1145 590 1199 et
623 1134 796 1222 gymnasia.
847 1133 887 1198 In
920 1144 1041 1198 tantum
1071 1159 1195 1222 quoque
1230 1137 1402 1223 complures
1435 1134 1599 1200 sufficiunt.
1642 1134 1774 1200 Postea
1834 1130 1835 1133 '

311 1260 383 1303 vero
408 1249 437 1302 et
458 1239 631 1304 scholarum
656 1239 796 1321 realium,
819 1239 1110 1326 polytechnicarum
1134 1250 1191 1305 cat.
1214 1239 1373 1328 impensae
1394 1239 1433 1302 iis
1457 1240 1561 1303 fundis
1583 1239 1773 1326 assignatae
1834 1236 1835 1275 ³

204 1385 206 1394 ι
311 1352 391 1423 1111,
414 1343 521 1426 itaut,
545 1353 674 1432 excepto
697 1345 793 1409 fundo
817 1345 963 1408 Austriae
985 1368 1097 1431 super,
1120 1345 1229 1410 nullus
1254 1343 1436 1425 ,sufficiat“‚
1459 1344 1514 1408 sed
1536 1343 1652 1430 ubique
1675 1367 1771 1414 aera·
1834 1368 1835 1373 ¹

310 1447 390 1512 rium
413 1449 562 1538 supplere
584 1449 705 1531 debeat,
729 1473 807 1536 quae
828 1449 949 1514 desunt.
1005 1449 1057 1514 De
1080 1449 1215 1516 dominio
1236 1449 1320 1514 idem
1341 1447 1506 1513 dicendum
1529 1457 1586 1530 est,
1610 1449 1696 1535 quod
1721 1449 1770 1514 de

310 1551 405 1616 fundo
427 1552 525 1639 relig,
548 1555 574 1618 si
596 1575 632 1618 61
654 1553 734 1619 bona
757 1554 913 1643 respicias,
938 1578 1028 1641 quae,
1052 1577 1147 1641 quum
1169 1555 1268 1620 fundo
1290 1555 1485 1640 incorporata
1507 1552 1580 1632 sint,
1604 1553 1637 1616 in
1660 1555 1767 1619 ecele-

309 1656 373 1720 siae
408 1657 543 1722 dominio
580 1668 676 1723 erant.
720 1658 849 1724 Fundus
885 1658 1140 1724 administrantur
1172 1683 1191 1724 a
1222 1659 1393 1725 Gubernio.
1459 1658 1539 1724 Vide
1571 1659 1767 1724 concordati

309 1762 395 1827 artic.
419 1761 544 1828 XXXI.

396 1866 566 1954 Utriusque
588 1868 677 1932 fundi
699 1868 869 1956 dispositio,
900 1868 932 1933 id
955 1867 1039 1956 quod
1061 1889 1101 1932 ex
1124 1890 1230 1932 eorum
1252 1875 1334 1932 statu
1357 1878 1389 1933 61
1411 1867 1521 1932 debitis
1550 1865 1642 1931 facile
1664 1889 1766 1954 appa·
1834 1928 1835 1957 ,

308 1980 365 2052 161,
399 1981 469 2059 post
502 1996 616 2036 annum
652 1975 731 2038 1861
769 1973 861 2038 etiam
894 1999 913 2038 a
948 1970 1098 2054 ,Consilii
1130 1971 1279 2061 Imperii“
1316 1971 1528 2060 (Beichsrath)
1562 1970 1765 2038 resolutioni-

309 2076 365 2140 bus
389 2077 514 2164 pendet.
1380 2078 1383 2085 ’

967 2255 995 2334 s.
1041 2252 1091 2316 10.

644 2399 816 2467 Bonorum
842 2397 1142 2466 ecclesiastieorum
1168 2399 1418 2467 administratio.

393 2574 436 2638 Vi
458 2573 581 2640 articuli
602 2573 710 2638 XXX.
736 2573 924 2640 Concordati
946 2581 1038 2636 austr.
1063 2582 1095 2637 et
1116 2571 1312 2638 resolutionis
1336 2593 1497 2658 supremae
1520 2571 1582 2636 diei
1598 2572 1627 2636 3.
1644 2571 1760 2638 Octob.
1834 2560 1835 2579 ³

310 2681 394 2744 1858
427 2679 549 2746 decreta
579 2679 618 2742 ab
640 2679 800 2765 Episcopis
823 2702 849 2742 a.
885 2679 967 2742 1856
990 2677 1132 2741 Viennae
1155 2676 1415 2741 commorantibus
1440 2675 1599 2764 [contenta
1620 2678 1652 2740 11
1677 2678 1758 2741 actis

307 2781 400 2869 hujus
416 2793 582 2848 conventus
605 2808 689 2848 nmn.
706 2783 792 2878 LXI.
809 2792 839 2848 et
852 2782 885 2846 in
906 2781 1018 2847 litteris
1041 2782 1081 2846 ad
1103 2781 1219 2846 Minist.
1243 2782 1354 2849 Cultus
1381 2781 1428 2845 16.
1451 2779 1474 2847 J
1477 2804 1527 2846 un.
1552 2783 1636 2846 1856
1659 2781 1760 2871 datis]

306 2890 387 2952 facta
418 2889 597 2954 auctoritate
626 2887 709 2954 civili
739 2887 949 2953 confirmantis
979 2888 1133 2951 bonorum
1155 2887 1434 2952 ecclesiasticorum
1466 2885 1680 2972 (ecclesiarum
1703 2911 1760 2974 pa·

252 3016 253 3021 ¹
305 2995 409 3076 roob,
443 2994 586 3076 filiarum,
621 2994 752 3058 aliarum
781 2993 915 3058 fabricae
938 2993 1011 3079 cet.)
1045 2991 1271 3056 administratio
1302 2991 1419 3077 ubique
1434 2991 1583 3078 parochis
1606 2992 1760 3055 tradenda

306 3109 381 3165 erat.
426 3099 555 3166 Statutis
579 3098 821 3188 provincialibus
844 3108 874 3162 et
897 3097 1085 3162 dioecesanis
1108 3097 1250 3184 parochis
1268 3106 1370 3160 certus
1386 3096 1606 3182 magistrorum
1622 3097 1759 3162 fabricae

306 3204 542 3292 eparachianis
565 3203 783 3288 eligendorum
814 3212 845 3267 et
875 3202 914 3265 ab
945 3200 1115 3267 Ordinario
1150 3200 1430 3267 confirmandorum
1464 3223 1611 3265 numerus
1646 3201 1758 3282 adiun-

306 3309 399 3395 gitur.
462 3308 549 3373 Haec
581 3308 815 3373 administrandi
850 3307 950 3372 forma
984 3307 1016 3369 in
1050 3306 1251 3389 dioecesibus,
1289 3330 1369 3393 quae
1403 3306 1626 3386 describentur,
1659 3305 1756 3390 viget,

306 3416 439 3500 suceptio
472 3427 605 3504 quatuor
634 3417 815 3501 provinciae
847 3412 1023 3499 Propensis.
1078 3411 1142 3475 Pro
1167 3410 1277 3498 quibus
1300 3430 1395 3496 quum
1419 3433 1499 3474 auno
1523 3410 1646 3475 demum
1671 3412 1752 3474 1861

306 3528 446 3585 vertente
468 3517 696 3607 Episcoporum
727 3519 973 3584 ordinationibus
1005 3515 1135 3580 Patroni
1168 3516 1250 3579 bona
1272 3515 1397 3578 tradere
1418 3515 1563 3603 parochis
1582 3514 1662 3599 jussi
1684 3513 1756 3595 sint,

305 3647 436 3709 magnus
459 3623 664 3689 Patronornm
687 3647 833 3689 numerus
856 3623 888 3687 in
915 3619 1281 3690 18611686111161111α
1306 3620 1589 3708 interpellationem
1604 3619 1756 3697 lecerunt,

233 3761 235 3764 ·
307 3753 368 3816 qua
390 3729 505 3792 facturn
529 3739 584 3811 est,
620 3739 654 3793 ut
676 3728 882 3794 Ministerium
905 3751 970 3792 nou
993 3725 1085 3816 modo
1118 3733 1265 3811 patronos
1296 3723 1474 3790 ullomodo
1506 3724 1544 3787 ad
1567 3721 1757 3788 tradendum

306 3857 418 3920 cogere
448 3833 502 3898 sed
534 3834 648 3900 directe
670 3835 828 3922 episcopos
859 3833 1007 3919 adjuvare
1029 3830 1227 3894 recusaverit.
1279 3828 1372 3896 Unde
1396 3829 1511 3910 evenit,
1534 3839 1569 3893 ut
1592 3849 1691 3913 usqne
1714 3827 1756 3890 ad

305 3928 365 4002 hoc
382 3949 573 4004 momentum
590 3939 673 4024 aqud
688 3962 800 4026 paucas
817 3949 936 4002 tantum
953 3933 1098 4000 ecclesias
1117 3932 1343 4000 administratio
1363 3935 1510 3998 canoniea
1532 3933 1647 4019 vigeat,
1672 3931 1756 4019 apud

304 4042 468 4130 plerasque
497 4066 573 4108 vero
609 4043 697 4124 bona,
732 4054 767 4107 ut
789 4054 888 4123 antea,
919 4028 1176 4104 administrentur
1205 4062 1224 4100 a
1246 4047 1377 4126 patrono
1407 4039 1495 4120 laico,
1530 4038 1665 4125 parocho
1692 4059 1756 4100 non

305 4148 540 4228 interveniente,
574 4148 756 4235 inspiciente
788 4156 907 4210 tantum
941 4143 1080 4224 Decauo,
1116 4143 1308 4210 Consistorio
1344 4153 1375 4207 et
1405 4144 1577 4210 Gubernio.
1602 4141 1755 4205 -Bona

305 4275 431 4318 mensae
462 4254 644 4340 episcopalis
675 4251 910 4340 abEpiscopis,
934 4249 1149 4337 capitulorum,
1173 4247 1423 4338 corporationum
1446 4260 1477 4314 et
1499 4247 1754 4314 communitatum

304 4358 343 4421 ab
368 4357 416 4420 his
439 4357 512 4446 ipsis
535 4359 798 4422 administrantur:

966 4514 995 4592 §-
1041 4510 1092 4574 1.

679 4643 735 4710 De
761 4640 884 4709 sobolis
910 4641 1028 4708 mediis
1054 4647 1087 4705 et
1113 4637 1373 4708 elementaribus.

394 4824 421 4886 1.
443 4820 530 4901 Quot
551 4819 717 4907 gymnasia
746 4827 775 4882 el
799 4817 922 4883 scholae
944 4817 1044 4882 reales
1075 4814 1113 4881 ab
1136 4814 1307 4881 Ordinibus
1335 4814 1531 4900 regularibus
1553 4822 1711 4899 regantur,
1734 4835 1750 4876 e

306 4927 418 4994 tabulis
440 4933 467 5014 ᾗ.
493 4928 609 4992 1116.
632 4925 738 5013 positis
755 4933 892 5011 apparet.
937 4921 1079 5002 Quarum
1093 4920 1282 5003 scholarum,
1304 4918 1331 4984 si
1345 4928 1380 4984 ut
1393 4919 1540 5008 publicae
1561 4916 1750 5006 erepublica
