3925 5609
321 435 355 488 ⁷2

322 591 516 680 evangelica3
550 617 648 682 pauca
669 604 789 662 tantum
822 595 1044 679 ,simulasses
1077 597 1223 663 existunt.
1267 597 1303 666 Si
1325 597 1482 666 scholares
1502 599 1666 686 respicias,
1698 598 1767 664 fere

322 698 425 763 omnia
446 710 519 764 sunt
540 701 654 784 mixta,
678 725 774 790 quere
795 702 986 768 catechetam
1006 703 1169 789 utriusque
1191 702 1390 768 confessionis
1412 701 1528 770 habero
1549 703 1661 770 solent.

409 842 438 904 6.
480 839 607 907 Salsulae
638 842 753 922 reales,
795 865 871 929 quas
903 850 1043 930 tempore
1078 841 1195 907 recenti
1228 842 1463 909 communitates
1495 843 1704 909 fundaverunt
1735 851 1765 908 et

322 943 481 1027 sustinent,
506 945 633 1031 dejure
656 946 892 1012 confessionales
914 969 977 1012 non
1001 956 1082 1026 0001,
1109 969 1204 1033 quum
1227 956 1289 1011 tam
1312 948 1452 1014 catholici
1476 972 1569 1036 quam
1592 947 1765 1029 acatholici,

323 1049 418 1114 immo
438 1050 550 1138 partim
574 1060 605 1115 et
622 1050 738 1136 judaici
760 1051 902 1138 magistri
923 1051 1227 1117 acommunitatibus
1243 1064 1398 1118 vocentur.
1442 1051 1648 1118 Ministerium
1664 1053 1766 1118 cultus

324 1175 448 1242 operam
478 1155 547 1236 dat,
581 1165 616 1219 ut
644 1156 756 1220 harum
786 1155 962 1220 scholarum
1001 1154 1230 1238 ,characterem
1264 1157 1485 1223 christianum“
1520 1167 1683 1223 conservet
1714 1156 1765 1222 vel

323 1257 455 1323 inducat.
501 1259 629 1327 8010100
652 1261 770 1326 medios
792 1261 873 1326 inter
896 1260 1099 1327 elementares
1128 1283 1168 1326 cx
1196 1284 1275 1343 una,
1307 1271 1339 1329 et
1368 1263 1533 1350 gymnasia
1561 1262 1612 1329 vel
1640 1261 1765 1326 scholas

323 1363 421 1428 reales
444 1386 484 1429 ex
507 1365 602 1430 altera
623 1376 713 1453 parte
735 1365 838 1430 adhuc
860 1364 1098 1431 confessionales
1121 1375 1202 1432 sunt.

410 1503 438 1568 ⁷.
465 1502 572 1570 Omnis
593 1528 641 1570 res
662 1505 1024 1594 scholastico'supremae
1045 1505 1234 1594 reipublicae
1259 1507 1444 1596 inspectioni
1466 1506 1612 1592 subjacet,
1635 1516 1767 1594 excepta

323 1607 481 1694 religionis
511 1608 657 1675 doctrina.
710 1609 894 1698 Respublica
925 1633 997 1676 vero
1027 1635 1096 1676 cum
1125 1611 1255 1676 ecclesia
1284 1633 1321 1677 eo
1352 1613 1418 1698 agit
1446 1611 1648 1698 conjunctim,
1681 1610 1766 1697 quod

322 1713 542 1800 inspectionem
575 1715 637 1780 fere
668 1737 726 1804 per
754 1715 929 1781 sacerdotes
959 1726 1080 1781 tantum
1111 1726 1243 1782 exercet.
1302 1715 1426 1781 Primus
1457 1716 1580 1781 scholae
1609 1716 1766 1803 inspector

323 1818 424 1904 quoad
447 1841 495 1883 res
518 1818 691 1885 scholarum
715 1821 849 1886 internas
872 1831 919 1886 est
940 1820 1001 1886 loci
1022 1819 1194 1909 parochus,
1229 1821 1282 1909 qui
1304 1822 1496 1902 membrum,
1525 1830 1560 1887 ut
1588 1821 1632 1884 ita
1653 1819 1764 1901 dicam,

322 1922 501 2002 ,nativum“
540 1924 703 2012 ,praesidii
737 1925 933 1991 scholastici“
970 1926 1112 1992 habetur.
1169 1926 1262 1994 Circa
1294 1927 1442 2012 majorem
1476 1925 1652 1990 scholarum
1685 1947 1766 1990 com·

320 2027 446 2115 plexum
471 2029 678 2116 ,inspectores
702 2029 808 2097 0100011
830 2030 1024 2096 001001οω001
1049 2030 1270 2119 inspectionem
1294 2030 1409 2095 habent
1432 2053 1472 2095 ex
1502 2029 1662 2117 utriusque
1692 2052 1765 2094 con-

321 2133 462 2196 fessionis
486 2134 605 2198 clericis
628 2137 803 2201 assumendi
825 2146 854 2202 et
876 2136 1054 2202 immediate
1075 2136 1228 2224 gubernio
1250 2136 1390 2222 subjecti.
1433 2137 1476 2202 In
1499 2135 1583 2201 omni
1612 2131 1766 2221 gubernio

320 2260 377 2325 pro
400 2259 434 2302 re
456 2239 638 2304 scholastice
669 2240 851 2306 elementari
881 2241 1054 2308 consiliarii
1081 2241 1252 2307 scholastici
1280 2242 1313 2305 in
1342 2241 1402 2308 hoc
1430 2262 1548 2327 genere
1576 2239 1690 2305 versati
1719 2239 1766 2303 in·

321 2342 505 2424 stituuntur,
531 2345 605 2433 fere
637 2369 737 2412 omnes
770 2345 874 2412 0100101
910 2347 1082 2434 (quondam
1109 2347 1252 2436 parochi·
1273 2346 1351 2412 cath.
1382 2357 1413 2411 01
1446 2367 1557 2432 evang.
1588 2345 1766 2427 directores,

321 2448 531 2537 inspectores),
555 2473 633 2536 quos
655 2451 860 2517 ministerium
882 2452 968 2540 prius
984 2450 1093 2517 habita
1107 2451 1329 2518 deliberatione
1344 2474 1412 2517 eum
1428 2449 1591 2538 episcopis,
1616 2458 1766 2536 quantum

320 2562 438 2640 spectat
460 2552 498 2619 ad
521 2555 697 2638 catholicos,
728 2556 884 2638 nominat,
916 2558 949 2622 in
981 2556 1172 2623 dioecesibus
1194 2555 1328 2620 Monast.
1357 2566 1389 2621 01
1410 2554 1543 2620 Pederb.
1572 2554 1677 2619 nullus
1707 2554 1766 2618 nisi

319 2658 462 2724 sacerdos
493 2659 678 2742 instituitur,
713 2662 766 2747 qui
797 2661 955 2727 decretum
985 2662 1024 2726 ab
1053 2671 1185 2748 utraque
1214 2671 1370 2750 potestate
1400 2661 1613 2726 confirmatum
1644 2657 1764 2745 recipit.

321 2761 385 2830 Ubi
407 2763 458 2828 hic
481 2764 670 2831 consiliarius
693 2766 788 2832 laicus
812 2776 871 2848 est,
902 2766 1054 2855 inspectio
1076 2767 1223 2854 religiosa
1244 2765 1340 2864 alteri⁸
1357 2764 1396 2830 ab
1426 2763 1568 2854 episcopo
1599 2765 1764 2845 confertur,

320 2891 382 2954 qua
404 2891 439 2934 re
461 2869 547 2935 rixae
569 2893 643 2935 ansa
665 2873 840 2959 praebetur.
886 2870 1066 2939 Consiliarii
1088 2871 1230 2938 catholici
1253 2895 1315 2937 non
1338 2872 1476 2937 existunt
1505 2869 1587 2958 apud
1612 2868 1766 2956 gubernio

320 2973 507 3056 Gumbinn.,
539 2973 692 3057 0000110,
722 2977 915 3058 8100100001,
947 2977 1090 3059 stettin,
1119 2975 1316 3044 Francofurt.
1339 2974 1379 3041 ad
1401 2975 1567 3058 Viadram,
1598 2974 1765 3053 Potsdam,

318 3078 541 3166 Magdeburg.,
576 3104 671 3168 quum
694 3082 727 3146 in
749 3080 797 3147 his
821 3081 1009 3147 districtibus
1031 3082 1192 3171 pauciores
1215 3081 1277 3146 0101
1299 3079 1630 3161 scholaecatholicae,
1665 3079 1710 3142 ita
1731 3087 1764 3142 ut

317 3205 368 3248 res
398 3183 571 3250 scholarum
606 3186 685 3251 cath.
720 3186 763 3250 ibi
799 3211 817 3250 a
851 3186 1032 3252 consiliariis
1066 3207 1178 3273 evang.
1212 3195 1391 3250 tractentur.
1447 3184 1566 3250 Contra
1600 3181 1764 3249 consiliarii

318 3309 429 3374 evang.
453 3289 484 3352 in
514 3290 587 3379 ipsis
618 3290 781 3378 guberniis
804 3291 924 3357 Trevir.
956 3301 987 3356 et
1009 3292 1201 3379 Aquisgran.
1232 3280 1363 3371 adsunt,
1393 3290 1533 3379 quamvis
1564 3287 1764 3376 paucissimae

318 3392 362 3456 ibi
384 3394 519 3460 existant
541 3395 666 3462 scholae
688 3396 893 3484 evangelicae.
916 3436 958 3445 —
982 3397 1156 3484 Gymnasia
1179 3407 1212 3462 et
1240 3396 1365 3462 scholae
1395 3396 1496 3462 reales
1526 3394 1619 3484 primi
1649 3391 1764 3459 ordinis

320 3499 450 3565 subsunt
474 3500 626 3588 ,0011001ίο
648 3502 786 3569 scholast.
811 3502 1095 3590 0000100101110011,
1130 3501 1241 3590 quibus
1272 3512 1336 3567 tota
1364 3499 1526 3590 provincia
1555 3498 1680 3564 subdita
1711 3505 1763 3562 est.

317 3603 447 3669 Habent
470 3606 681 3688 ,emendarios
702 3608 792 3674 schol.
813 3607 1038 3695 0000101010ῑο1
1061 3607 1142 3673 cath.
1165 3615 1197 3671 et
1218 3629 1329 3694 evang.
1351 3607 1463 3686 laicos,
1498 3605 1551 3692 qui
1581 3603 1762 3693 plerumque

318 3709 487 3776 directores
517 3710 694 3799 hujusmodi
733 3712 908 3779 scholarum
946 3711 1079 3780 fuerunt.
1132 3711 1212 3777 Tam
1245 3711 1277 3776 hi
1312 3735 1404 3798 quam
1437 3710 1594 3798 magistri,
1627 3706 1762 3795 exceptis

317 3814 483 3880 catechetis
506 3815 545 3879 ab
561 3816 714 3905 episcopis
730 3817 879 3884 missione
891 3819 1040 3884 canonica
1054 3815 1216 3897 donandis,
1240 3838 1258 3880 a
1275 3816 1429 3904 gubernio
1444 3816 1541 3882 libere
1556 3814 1761 3880 nominantur.

317 3920 474 3986 Institutio
498 3920 643 4007 religiosa
667 3932 699 3987 et
713 3946 873 3990 sacrorum
898 3922 1052 3989 ordinatio
1069 3920 1306 3988 Ordinariorum
1323 3943 1470 3987 eorumve
1485 3917 1761 3985 commissariorum

1815 197 1828 235 ,

317 4037 379 4106 001;
402 4025 549 4113 regendis
572 4026 699 4113 reliquis
723 4027 893 4116 disciplinis
915 4051 980 4094 non
1002 4027 1165 4092 intersunt
1210 4025 1246 4093 Si
1267 4025 1350 4092 mala
1372 4034 1554 4105 occurrant,
1577 4046 1685 4090 eorum
1708 4032 1759 4101 est,
1832 4110 1833 4115 ἵ

317 4131 485 4217 collegium
507 4131 601 4196 schol.
625 4154 711 4220 prov.
735 4133 848 4199 certius
872 4134 974 4199 100000
997 4141 1029 4198 01
1057 4153 1189 4217 rogare,
1222 4141 1259 4197 ut
1287 4129 1460 4196 remedium
1490 4129 1637 4194 inveniat
1681 4125 1759 4192 Reli·

317 4238 420 4326 gionis
443 4239 593 4327 magister
615 4241 822 4306 consentiente
845 4239 990 4329 episcopo
1013 4237 1181 4304 ordinatur.

406 4379 436 4443 8.
465 4377 681 4445 Universitates
702 4379 878 4444 immediate
901 4377 1073 4444 Miseret-io
1095 4377 1193 4444 001100
1213 4375 1352 4440 subsunt.
1404 4373 1445 4440 In
1473 4373 1528 4440 hoc
1556 4396 1606 4438 res
1636 4369 1758 4437 catholi-

319 4505 424 4548 carum
446 4483 541 4548 schol.
564 4485 665 4566 elem,
689 4483 943 4572 gymnasiorum,
967 4483 1142 4549 scholarum
1164 4479 1310 4560 realium,
1333 4479 1518 4544 fucultatum
1542 4476 1622 4542 cath.
1645 4476 1757 4545 theolo

318 4588 457 4674 gicarum
478 4587 510 4652 in
534 4589 782 4654 universitatibus
813 4587 1031 4670 existentium,
1066 4609 1173 4653 earum
1203 4583 1418 4650 cathedrarum
1447 4583 1480 4650 in
1510 4581 1756 4648 universitatibus

317 4692 533 4774 existentium,
556 4692 596 4756 ad
618 4716 695 4780 quas
718 4699 843 4758 vocetur
865 4692 1033 4758 catholicus
1055 4714 1095 4757 ex
1117 4699 1232 4756 statuto
1254 4698 1376 4778 oportet
1399 4687 1474 4778 [una
1495 4686 1644 4753 cathedra
1665 4684 1756 4775 philo

319 4797 444 4885 sophica
467 4809 498 4864 et
520 4798 666 4864 historica
688 4806 720 4863 et
737 4797 818 4884 juris
841 4798 981 4864 canonici
997 4797 1029 4862 in
1044 4793 1293 4862 universitatibus
1307 4793 1465 4860 Bonnensi
1480 4802 1512 4860 et
1532 4789 1756 4858 Vrstislaoiessi

319 4903 463 4971 catholico
482 4905 651 4996 professori
672 4901 740 4968 dari
759 4900 874 4994 debet],
897 4902 1074 4969 academiae
1091 4897 1354 4982 Monasteriensis,
1376 4898 1461 4989 lycei
1481 4896 1617 4985 denique
1629 4895 1754 4961 300000-
