3925 5609
512 1768 1323 1861 lnnnolrlicnlo.

256 1999 431 2082 Notitiae
465 1999 699 2110 generales
732 2021 839 2104 quae
872 1999 924 2079 ad
958 2021 1099 2078 omnes
1131 1995 1208 2077 has
1241 1997 1457 2078 dioeceses
1488 2001 1584 2076 sunt

791 2145 1052 2228 referendae.

872 2631 899 2710 s.
948 2628 974 2691 r.

647 2771 703 2840 De
729 2773 795 2840 situ
821 2780 854 2840 et
879 2773 1215 2861 circumscriptione..
1279 2745 1284 2752 ⁵

287 2983 351 3051 Pro
373 2983 486 3071 regule
507 2982 660 3048 dioeceses
684 2981 799 3047 habent
821 2980 1013 3048 territorium
1043 2982 1211 3070 antiquitus
1233 3007 1417 3072 possessum,
1442 3006 1537 3071 quum
1561 2982 1648 3048 nullo

200 3103 342 3179 tempore
386 3090 447 3155 boc
487 3097 660 3171 teneretur,
707 3097 742 3152 ut
786 3087 935 3153 dioecesis
976 3111 1046 3153 cum
1084 3099 1168 3154 terra
1212 3089 1402 3154 hereditaria
1445 3097 1646 3175 congrueret.

201 3197 367 3263 Dioeceses
399 3193 480 3260 inter
512 3215 554 3277 se,
589 3191 672 3280 quod
705 3191 745 3256 ad
774 3190 935 3258 circuitum
965 3193 1111 3280 pertinet,
1145 3194 1280 3258 maxime
1309 3193 1446 3277 differre,
1489 3194 1646 3258 dioeceses

201 3300 379 3367 bohemicae
412 3309 444 3365 et
476 3297 715 3366 Olomucensem
751 3297 903 3386 imprimis
937 3298 1050 3364 nimias
1085 3321 1171 3383 esse,
1213 3299 1315 3389 primo
1347 3309 1476 3388 aspectu
1509 3306 1648 3388 apparet.

202 3406 348 3475 Conditio
383 3427 506 3494 quoque
540 3401 725 3470 dioecesium
758 3404 970 3492 geographica
1007 3403 1160 3492 (physice,
1194 3404 1399 3493 orographica
1433 3406 1504 3493 cet.)
1539 3403 1650 3470 deinde

202 3511 410 3578 diversissima
438 3521 492 3593 est,
526 3507 708 3599 praesertim
739 3531 835 3595 quum
865 3509 1063 3576 9dioeceses
1087 3508 1206 3596 (Lino,
1237 3509 1370 3592 salisb„
1401 3509 1497 3591 Tria,
1520 3509 1650 3593 Brixis,

203 3615 329 3700 Secon,
363 3615 510 3698 Levant,
544 3613 657 3696 Gurc,
688 3611 817 3697 habac,
852 3612 970 3702 (ierit.)
1003 3623 1055 3678 aut
1076 3613 1109 3678 in
1125 3623 1227 3680 totum
1248 3625 1302 3678 aut
1323 3612 1380 3703 pro
1404 3625 1494 3704 parte
1525 3615 1648 3704 alpinae

202 3722 273 3805 sint,
306 3721 386 3787 aliae
417 3719 527 3786 saltem
561 3728 750 3786 montuosae.
806 3717 923 3784 Curam
956 3739 1031 3784 vero
1066 3718 1240 3784 animarum
1273 3720 1305 3784 in
1339 3720 1430 3785 terris
1464 3720 1594 3808 Alpium
1618 3729 1650 3786 et

202 3829 235 3893 in
265 3825 421 3892 montibus
455 3822 669 3889 difficillimam
702 3845 786 3906 esse,
816 3832 912 3911 patet.
968 3823 1062 3892 Unde
1096 3824 1239 3907 efficitur,
1281 3835 1316 3890 ut
1350 3847 1391 3890 ex
1423 3824 1492 3891 solo
1522 3825 1649 3910 majore,

203 3933 229 3997 si
262 3931 337 3996 alias
366 3930 521 3998 dioeceses
559 3951 736 4018 compares,
777 3927 962 3994 clericorum
995 3929 1029 3995 in
1062 3928 1184 3995 Brixin.
1218 3939 1249 3995 ct
1282 3929 1423 3996 Trident.
1458 3928 1649 3996 dioecesibus

203 4036 404 4103 existentium
436 4056 566 4102 numero
589 4035 669 4100 nihil
690 4034 848 4124 probetur.
903 4033 1103 4099 Facillimum
1137 4058 1261 4123 quoque
1290 4046 1337 4102 est
1368 4034 1547 4117 intellectu,
1570 4036 1651 4101 hanc

203 4142 409 4231 complurium
441 4140 628 4208 dioecesium
663 4139 873 4206 conditionem
905 4161 988 4223 esse,
1025 4163 1080 4205 cur
1112 4140 1146 4204 in
1178 4141 1214 4205 iis
1248 4152 1295 4207 tot
1323 4139 1564 4206 mendicantium
1586 4165 1650 4207 mo·

202 4249 338 4315 casteria
359 4247 504 4330 existant,
539 4247 654 4337 quippe
677 4268 773 4333 quum
795 4245 896 4334 primo
919 4245 952 4310 in
974 4244 1155 4332 regionibus
1180 4245 1247 4310 istis
1273 4269 1346 4311 raro
1373 4244 1424 4309 alii
1441 4245 1651 4313 difficillimae

203 4376 297 4420 curae
328 4376 361 4418 se
392 4352 537 4420 dedicent
570 4375 665 4440 quam
693 4351 879 4416 rusticorum
909 4350 975 4434 filii3
1008 4349 1121 4417 deinde
1149 4360 1315 4439 paupertas
1343 4350 1515 4417 incolarum
1536 4352 1650 4418 talibus

202 4458 401 4526 monasteriis
416 4458 552 4524 maxime
567 4459 679 4540 faveat,
695 4457 728 4521 in
744 4455 880 4546 Alpibus
894 4456 1078 4544 praesertim
1093 4447 1228 4544 denique
1243 4456 1428 4522 monasteria
1442 4456 1483 4521 ad
1496 4458 1651 4546 parochos

198 4563 356 4653 juvandos
378 4574 466 4630 tanto
489 4563 551 4629 sint
571 4551 757 4645 necessaria,
789 4571 906 4650 quanto
929 4560 1084 4626 difficilior
1112 4561 1208 4626 immo
1230 4561 1433 4650 periculosior
1454 4574 1501 4628 est
1521 4563 1653 4652 presby·

139 4705 142 4710 ·
202 4681 341 4736 tororum
387 4669 582 4756 singulorum
623 4667 766 4734 conditio.
833 4665 952 4746 Quodsi
994 4666 1149 4733 dioeceses
1190 4667 1348 4732 bavaricas
1382 4689 1540 4755 compares
1581 4692 1651 4734 cum

202 4773 374 4856 austriacis,
405 4774 509 4840 statim
538 4773 668 4856 videbis,
702 4772 772 4838 illas
793 4770 889 4858 longe
921 4770 1060 4838 melioris
1091 4793 1158 4838 esse
1189 4770 1382 4837 conditionis.
1426 4771 1652 4839 Beneficiorum

203 4889 382 4946 curatorum
404 4879 437 4945 in
459 4878 591 4966 singulis
614 4877 809 4946 dioecesibus
833 4875 1029 4942 existentium
1056 4887 1201 4944 numeros
1226 4878 1417 4965 comparanti
1432 4877 1535 4943 statim
1557 4888 1651 4965 patet,

203 4986 362 5052 dioeceses
383 4985 539 5052 rhenanus
563 4983 681 5074 optime
703 4984 881 5068 rehabere,
903 4983 1038 5072 pessime
1060 5007 1136 5050 vero
1160 4982 1337 5050 austriacas.

1397 5120 1447 5177 1*
