3925 5609
1608 459 1640 518 67

205 621 306 704 obstat,
337 621 414 708 quin
433 619 565 708 juvenes
588 631 641 710 eqt
654 621 763 688 'totum
786 617 953 688 triennium
983 631 1039 687 aut
1060 616 1170 687 saltem
1199 641 1315 686 annum
1336 616 1388 686 vel
1418 621 1576 687 biennium
1609 621 1641 685 in

204 727 343 792 facultate
373 726 478 814 aliqua
508 725 684 811 theologica
713 735 885 794 versentur.
938 725 1002 794 Ubi
1025 749 1096 792 oum
1124 727 1320 792 facultatibus
1342 725 1416 814 ipsis
1439 726 1596 792 convictus
1618 751 1642 795 s.

204 830 422 898 consistorium
455 830 497 896 sit
529 831 737 916 conjunctum,
771 853 826 896 sno
849 830 920 897 loeo
954 829 1149 897 iudicabitur.
1209 829 1403 896 Professores
1433 831 1643 898 institutorum

204 936 293 1001 theol.
328 935 459 1019 Trevir,
492 934 693 1018 Paderborn,
728 933 846 1000 Gnesn.
870 945 901 999 et
921 933 1025 1016 Posn.,
1061 933 1164 1002 Oulm.
1186 960 1206 1000 a
1227 935 1293 1002 sole
1324 934 1502 1019 Ordinario,
1532 935 1644 1022 reliqui

203 1039 374 1128 theologiae
395 1041 583 1128 professores
605 1038 732 1127 praevio
755 1037 916 1105 Ordinarii
938 1060 1090 1105 consensu
1119 1063 1138 1103 a
1159 1039 1312 1126 gubernio
1334 1039 1416 1103 civili
1438 1039 1643 1107 nominantur.
1715 1051 1719 1062 '

285 1147 314 1214 3.
345 1143 384 1210 In
414 1146 680 1210 seminarium
720 1143 962 1212 clericorum
991 1144 1013 1208 ii
1042 1153 1162 1210 tantum
1191 1145 1392 1233 recipiuntur,
1423 1147 1478 1233 qui
1506 1147 1647 1214 examine

204 1271 240 1316 ex
262 1247 406 1316 omnibus
429 1249 607 1336 theologiae
630 1247 768 1336 partibus
800 1257 945 1336 superato
969 1248 1082 1335 dignos
1103 1271 1136 1316 sc
1157 1251 1379 1338 praebuerunt.
1424 1251 1541 1317 Omnes
1564 1251 1644 1316 dioe-

203 1377 282 1420 ceses
306 1353 505 1420 seminarium
527 1353 654 1436 habent,
679 1352 765 1439 eujus
788 1352 904 1420 dotatio
927 1354 1040 1442 partim
1063 1354 1152 1420 bonis
1175 1355 1393 1438 immobilibus,
1415 1356 1528 1444 partim
1543 1356 1645 1422 reditu

202 1461 238 1523 ab
260 1459 380 1524 aerario
402 1457 550 1525 solvendo
574 1458 721 1524 consistit.
766 1457 897 1524 Alumni
917 1458 1045 1546 plurimi
1068 1460 1131 1525 suis
1153 1461 1265 1526 vivunt
1285 1460 1439 1549 expensis,
1461 1484 1533 1550 pars
1548 1461 1646 1549 gratis

202 1564 299 1632 alitur.
345 1563 523 1630 Directores
547 1573 604 1630 cet.
627 1565 665 1628 ab
689 1561 864 1629 Ordineriis
886 1562 981 1630 libere
1004 1564 1212 1632 nominentur.

286 1669 318 1734 3.
346 1667 508 1734 Titulus
541 1667 835 1734 Ordinationis
868 1667 1065 1734 constituitur
1098 1679 1150 1734 aut
1183 1693 1224 1735 cx
1253 1669 1442 1757 obligatione
1472 1670 1510 1734 ab
1542 1669 1646 1758 aliquo

201 1773 322 1860 privato
350 1794 527 1860 possessore
555 1773 644 1854 faeta,
679 1795 740 1859 qua
771 1771 868 1838 victus
898 1773 1089 1839 necessarius
1111 1774 1302 1860 promittitur
1332 1779 1380 1864 (ut
1401 1775 1433 1840 iu
1456 1775 1647 1842 dioecesibus

202 1876 444 1958 Monosteriensi‚
474 1874 733 1962 Pederbornensi,
764 1875 945 1965 Vratislav.)
976 1888 1030 1942 aut
1062 1888 1109 1942 est
1130 1903 1251 1944 emmae
1280 1881 1461 1967 episcopalis
1489 1879 1540 1946 vel
1560 1882 1646 1946 semi-

201 1985 287 2048 narii
310 1981 360 2069 (ut
383 1981 414 2044 in
436 1980 544 2046 iisdem
567 1979 756 2045 dioecesibus
779 1989 810 2044 et
832 1981 863 2046 in
889 1980 1059 2065 Oulruensi,
1084 1983 1201 2066 Varm,
1232 1983 1367 2051 Posnan.
1391 1996 1423 2049 ot
1452 1984 1647 2072 Gnesnensi)

202 2097 253 2152 aut
287 2097 336 2151 cst
369 2087 520 2152 missionis
564 2085 628 2172 (hie
660 2083 692 2149 in
725 2085 916 2151 dioecesibus
947 2085 1056 2154 Colon.
1086 2096 1118 2153 et
1147 2087 1265 2155 Trevir.
1299 2089 1365 2154 fere
1402 2089 1510 2154 unicus
1539 2089 1647 2177 viget).

202 2192 326 2258 Titulus
348 2190 526 2281 patrimonii
547 2190 598 2255 vel
620 2189 774 2278 pensionis
795 2213 874 2274 raro,
906 2192 1047 2257 beneficii
1067 2193 1223 2260 rarissime
1245 2193 1385 2261 occurrit.
1441 2193 1505 2260 Pro
1526 2194 1648 2282 regula-

202 2297 287 2363 ribus
310 2295 393 2361 tituli
415 2293 605 2382 rcgtdarium
628 2294 776 2383 speciales
799 2296 915 2384 vigent.

291 2403 319 2466 5.
346 2399 454 2466 Omra
476 2401 740 2468 emeritorum.
786 2399 824 2464 In
848 2400 992 2467 omnibus
1015 2401 1204 2470 dioecesibus
1227 2403 1366 2468 existunt
1388 2401 1495 2469 domm
1515 2404 1648 2469 emerito-

202 2531 283 2588 rum,
308 2527 439 2594 quarum
462 2504 577 2570 dotatio
600 2527 638 2571 ex
661 2504 781 2570 aerario
804 2505 889 2571 venit
911 2492 1081 2574 seeundum
1103 2507 1219 2572 bullam
1243 2507 1315 2590 ,De
1330 2508 1430 2572 salute
1445 2507 1647 2574 animarum.“

202 2611 240 2676 In
263 2611 326 2676 hac
348 2610 439 2676 domo
461 2609 652 2698 recipiuntur
673 2609 857 2694 sacerdotes,
889 2611 942 2698 qui
972 2623 1026 2677 aut
1047 2612 1231 2678 beneficium
1263 2612 1400 2679 nondum
1423 2613 1598 2679 habuerunt
1620 2623 1651 2679 et

206 2717 266 2781 alio
291 2715 385 2781 modo
408 2738 470 2781 non
500 2714 696 2798 adhibentur,
730 2726 836 2804 utpote
869 2715 900 2780 in
935 2717 1119 2782 cancellaria
1154 2729 1235 2802 ret,
1254 2730 1308 2783 aut
1340 2741 1472 2805 quorum
1500 2718 1652 2784 beneficia

204 2821 326 2886 minora
360 2829 465 2906 erant,
508 2819 583 2908 quin
615 2821 723 2909 pensio
761 2821 916 2888 sufficiens
957 2821 995 2886 iis
1029 2821 1131 2889 detur.
1197 2822 1317 2888 Domus
1353 2823 1439 2910 ipsae
1477 2822 1652 2888 Ordinariis

204 2927 347 2992 subsunt.

131 3031 132 3034 ’
293 3033 322 3099 6.
356 3029 464 3098 Ocra
493 3029 785 3098 demeritorum.
843 3029 940 3098 Suom
963 3053 1107 3118 quaeque
1137 3031 1284 3098 dioecesis
1316 3033 1410 3098 habet
1432 3031 1652 3098 demeritorum

206 3135 333 3200 domum
357 3157 398 3201 ex
421 3135 539 3201 aerario
560 3135 720 3201 fundatam
742 3135 911 3202 secundum
934 3133 1053 3202 bullam
1078 3137 1147 3221 „De
1171 3137 1269 3204 salute
1291 3137 1483 3201 animarum“
1508 3147 1539 3201 ct
1561 3135 1653 3205 Ordi-

207 3241 302 3306 nariis
325 3239 508 3330 subjectam.

873 3387 902 3466 s.
945 3383 998 3448 ss.

797 3513 854 3582 De
893 3509 1070 3603 benefieiis.

301 3659 328 3722 l.
355 3655 552 3744 Comperto.
598 3656 708 3736 Quoad
731 3659 893 3748 parochias
915 3660 946 3723 in
971 3658 1162 3725 dioecesibus
1185 3659 1298 3725 Color.
1320 3658 1501 3740 eliberim,
1532 3658 1584 3723 ubi
1603 3659 1655 3742 jus

209 3762 470 3850 francogallieum
491 3763 584 3848 viget,
607 3762 679 3828 vide
699 3753 778 3850 quise
801 3769 828 3848 ξ.
842 3766 893 3829 bl.
907 3763 963 3829 VI.
989 3763 1139 3832 dicentur.
1183 3763 1245 3828 Pro
1269 3763 1336 3827 aliis
1359 3764 1549 3828 dioecesibus
1572 3762 1659 3827 nulla

208 3867 315 3933 existit
348 3867 399 3932 lex
429 3868 594 3954 generalis,
630 3891 709 3955 quae
739 3878 855 3934 certem
886 3891 1055 3956 congruam
1085 3878 1218 3950 statuat,
1247 3866 1302 3933 sed
1328 3867 1476 3933 ordinarii
1500 3876 1563 3948 est,
1597 3890 1654 3954 pro

208 3973 351 4040 locorum
374 3971 553 4038 diversitate
577 3974 642 4058 ejus
666 3974 871 4059 quantitatem
894 3974 991 4041 finire.
1035 3974 1225 4061 Plerumque
1246 3996 1366 4038 summa
1386 3974 1451 4037 400
1467 3972 1656 4038 thalerorum

209 4078 341 4143 minima
365 4097 519 4164 congruae
540 4078 726 4166 paroehialis
750 4078 888 4149 habetur.
933 4079 1044 4166 Longe
1065 4079 1217 4168 plurimae
1239 4079 1354 4165 ubique
1376 4075 1544 4165 parochiae
1563 4076 1657 4160 majo·

209 4207 277 4249 rem
295 4181 411 4247 habent
425 4182 560 4247 reditum
575 4205 614 4248 cx
630 4183 719 4248 bonis
739 4184 955 4267 immobilibus,
979 4185 1171 4273 hypothecis,
1195 4183 1330 4264 decimis,
1352 4181 1583 4247 fundationibus
1598 4190 1657 4250 cet.

209 4287 463 4376 provenientem,
493 4288 610 4353 reditus
633 4288 715 4355 inter
738 4312 771 4356 se
794 4289 884 4356 valde
909 4288 1066 4356 differunt.
1117 4289 1264 4355 Decimae
1294 4288 1327 4352 in
1350 4285 1454 4351 multis
1476 4285 1657 4373 regionibus

209 4403 283 4460 sunt
312 4391 479 4476 redemtos,
513 4405 565 4459 aut
594 4403 684 4460 antea
714 4394 858 4483 parochis
882 4419 944 4462 non
975 4396 1210 4484 competebant3
1246 4415 1356 4458 census
1379 4413 1450 4457 vero
1472 4392 1572 4458 reales
1609 4392 1657 4476 (ut

211 4521 312 4564 avena
334 4497 444 4563 missae
466 4507 496 4563 et
518 4498 646 4585 similes)
670 4499 702 4564 in
724 4498 828 4565 multis
843 4499 1023 4587 regionibus
1043 4500 1146 4566 adhuc
1161 4500 1331 4566 solvuntur.
1377 4497 1542 4563 Aerarium
1558 4497 1658 4585 publi-

212 4627 282 4670 cum
305 4625 364 4693 pro
387 4604 505 4689 aliquot
525 4603 679 4691 parochis,
711 4627 790 4691 quae
812 4627 969 4692 congruae
991 4605 1115 4686 desunt,
1139 4604 1273 4693 supplet.

299 4712 330 4775 2:
353 4707 392 4771 In
415 4707 595 4796 quibusdam
619 4707 811 4775 dioecesibus
833 4695 906 4776 usus
930 4708 1059 4792 obtinet,
1082 4709 1259 4776 sacerdotes
1281 4708 1315 4772 in
1329 4706 1492 4797 parochias
1512 4715 1657 4772 vacantes

213 4811 381 4880 mittendos
409 4835 473 4878 uon
501 4813 604 4878 statim
634 4823 668 4879 ut
690 4815 842 4904 parochos
871 4814 1065 4897 investiendi,
1100 4813 1153 4880 sed
1175 4835 1232 4904 per
1254 4813 1382 4902 aliquod
1404 4823 1535 4901 tempus,
1567 4834 1660 4900 saepo

214 4917 408 5008 permultos
431 4939 537 5002 anuos,
561 4917 726 4986 ordinandi
748 4920 780 4986 in
803 4919 1075 4986 administratores.

1404 5057 1455 5112 5*
