3925 5609
1634 439 1668 494 89

308 601 340 666 2.
363 596 475 664 Massa
496 596 675 684 anaante
698 599 830 683 (summa
852 595 935 686 apud
958 596 1099 684 singulas
1131 595 1283 664 dioeceses
1306 598 1448 686 constat),
1482 618 1522 662 ex
1552 596 1670 664 aerario

221 704 324 784 datur,
359 725 454 790 quum
477 701 580 768 bullae
608 713 796 768 memoratae
825 701 864 768 de
886 702 944 766 hac
973 724 1008 767 re
1036 701 1206 790 stipulatio,
1229 711 1264 766 ut
1288 724 1400 790 ,super
1422 701 1554 790 publicis
1580 703 1670 790 regni

219 807 307 874 silvis
330 806 513 872 nominatim
537 805 738 894 designandis
759 816 807 872 tot
829 829 937 872 census
959 806 1140 873 auctoritate
1161 806 1248 893 regia
1269 805 1477 894 imponantur,
1508 816 1585 894 quot
1606 807 1670 872 sint

220 911 378 976 dioeceses
401 911 572 977 dotandse“
605 920 660 978 oet.
685 910 723 976 ad
747 911 958 976 executionem
981 911 1119 978 nondum
1149 911 1190 976 sit
1219 910 1357 976 deducta
1402 911 1454 977 De
1477 910 1668 978 dioecesibus

218 1015 391 1082 Vratislav.
413 1025 444 1082 et
466 1015 569 1083 Oulm.
592 1015 663 1082 vide
686 1037 765 1101 quae
787 1014 828 1079 ibi
853 1015 1008 1082 dicentur.

307 1120 397 1186 Taxa
419 1141 559 1186 camerae
581 1119 613 1184 in
637 1117 720 1184 bulla
742 1131 909 1185 memorata
932 1119 1020 1184 finita
1041 1119 1157 1206 ubique
1179 1129 1225 1184 est
1247 1119 1402 1184 adnotata.

305 1227 337 1290 4.
359 1223 472 1290 Libera
493 1224 708 1314 episcoporum
727 1221 902 1309 jurisdictio
931 1221 1102 1289 secundum
1120 1223 1172 1308 jus
1202 1223 1385 1288 canonicum
1408 1245 1447 1288 ex
1470 1223 1549 1310 legis
1570 1225 1665 1310 regni

217 1327 460 1394 fundamentalis
494 1327 629 1394 articulis
665 1330 714 1394 15.
750 1327 925 1416 („Ecclesia
959 1327 1140 1414 evangelica
1169 1350 1227 1394 nec
1261 1349 1324 1394 non
1359 1329 1664 1409 romano-catholica,

217 1443 253 1498 ut
274 1432 376 1498 omnis
398 1431 458 1498 alia
480 1433 608 1498 societas
629 1431 785 1520 religiosa,
808 1431 930 1498 ordinat
951 1442 982 1498 et
1004 1431 1200 1498 administrat
1221 1455 1291 1498 suas
1313 1456 1364 1498 res
1386 1433 1485 1500 libere
1507 1444 1539 1499 et
1560 1443 1666 1500 manet

123 1593 124 1598 ,
217 1537 249 1602 in
272 1536 467 1626 possessione
490 1545 521 1602 et
543 1539 645 1602 fructu
666 1537 886 1620 institutorum,
918 1536 1142 1618 fundationum,
1171 1537 1348 1620 fundorum,
1380 1559 1459 1625 quae
1488 1537 1528 1602 ad
1558 1561 1663 1604 earum

123 1675 124 1712 t
217 1640 330 1722 cultus,
352 1640 572 1723 instructionis,
603 1641 738 1706 caritatis
761 1641 837 1706 lines
868 1650 941 1706 sunt
962 1640 1148 1728 destinata“)
1174 1643 1222 1706 16.
1253 1638 1517 1728 („Gomn1crcium
1539 1643 1663 1707 societa-

123 1727 124 1738 ,
217 1756 283 1810 tum
300 1745 518 1832 religiosarum
534 1769 603 1810 cum
619 1745 830 1832 superioribus
847 1745 1027 1812 nullomodo
1043 1745 1217 1833 impeditur.
1245 1745 1420 1812 Publicatio
1434 1747 1664 1813 ordinationum

215 1850 491 1916 ecclesiasticarum
514 1849 552 1913 iis
585 1849 798 1916 tantummodo
823 1849 960 1934 subjacet
983 1849 1219 1931 conditionibus,
1250 1851 1361 1938 quibus
1391 1875 1497 1918 omnes
1527 1852 1663 1940 reliquae

214 1955 441 2042 publicationes
465 1953 672 2040 subjacent“)
699 1955 747 2019 18.
794 1953 887 2042 („dus
909 1953 1099 2036 nominandi,
1129 1956 1356 2041 praesentandi,
1380 1956 1527 2044 eligendi,
1551 1958 1661 2022 contir-

214 2059 322 2124 mandi
344 2059 377 2124 in
399 2058 594 2147 providendo
624 2058 782 2124 beneficiis
805 2058 1029 2140 ecclesiasticis,
1059 2057 1092 2124 in
1115 2069 1262 2146 quantum
1295 2061 1484 2150 reipublicae
1505 2062 1659 2148 competit,

213 2185 318 2250 neque
335 2163 384 2230 .in
414 2164 486 2250 jure
509 2171 689 2250 patronatus
721 2173 774 2228 aut
795 2163 885 2228 titulo
908 2162 1036 2252 speciali
1059 2162 1215 2245 fundatur,
1249 2165 1403 2229 sublatum
1438 2167 1527 2251 est.“)
1563 2165 1660 2232 libera

212 2277 385 2336 exercetur.
451 2267 611 2352 Libertas,
653 2291 715 2356 qua
750 2268 879 2334 ecclesia
919 2267 1070 2334 catholica
1106 2267 1238 2354 gaudet,
1278 2292 1431 2356 nusquam
1472 2268 1660 2336 Germaniae

211 2374 313 2460 major
335 2382 389 2440 est.

897 2561 904 2576 .
949 2511 1001 2576 47.

752 2631 809 2699 De
835 2515 1127 2701 odissiatstrats‘one.

303 2783 331 2846 1.
355 2780 473 2846 Vicarii
495 2778 613 2846 foranei
636 2778 702 2844 sive
724 2779 834 2846 decani
857 2779 930 2866 (hcc
953 2780 1079 2846 immine
1100 2791 1303 2846 recensentur
1324 2784 1356 2846 in
1380 2784 1522 2849 omnibus
1542 2784 1658 2850 dioece-

208 2889 306 2968 sibus,
331 2897 460 2974 exoepta
481 2885 666 2968 Vratislav.,
680 2869 742 2951 'ubi
764 2887 1022 2974 archipresbyteri
1042 2886 1254 2971 nominantur)
1276 2886 1311 2951 in
1332 2888 1490 2976 plerisque
1513 2889 1655 2957 dioecesi·

207 2995 268 3058 bus
292 2991 417 3077 (Colca.
441 2990 560 3058 Treuir.
583 2991 716 3056 Maneat.
739 2991 928 3057 Paderbcrn.
952 2991 1068 3079 Oula.)
1101 3019 1119 3058 a
1142 2992 1286 3082 parochis
1308 2993 1475 3080 eliguntur,
1499 2997 1538 3060 ab
1563 2995 1654 3063 Ordi-

206 3097 298 3162 nario
321 3096 544 3163 confirmantur
566 3105 596 3160 et
616 3095 830 3194 instituuntur,
854 3097 886 3162 in
909 3097 1026 3185 aliquot
1040 3098 1079 3162 ab
1095 3097 1261 3167 Ordinatio
1284 3098 1491 3165 nominantur.
1535 3099 1653 3168 Eorum

207 3201 347 3268 officium
371 3199 602 3278 ecolmiasticam
623 3201 704 3268 idem
726 3213 773 3268 est
795 3213 888 3292 atque
910 3203 942 3268 in
965 3204 1095 3268 Austris
1116 3205 1158 3291 (ξ.
1176 3204 1229 3291 7.).
1273 3204 1459 3291 Impactores
1480 3206 1654 3272 samaram

206 3327 356 3393 expressa
388 3314 508 3371 tantum
540 3304 683 3391 gubernii
717 3307 879 3374 vocatione
914 3307 1151 3374 constituuntur.
1217 3308 1258 3372 In
1299 3307 1418 3395 aliquot
1461 3310 1652 3376 dioecesibus

206 3411 375 3476 vicariatus
408 3409 650 3475 subdividuntur
682 3409 714 3473 in
744 3409 931 3497 definitiones
967 3434 1036 3476 cum
1070 3410 1285 3477 definitoribus
1315 3411 1427 3478 codem
1448 3413 1543 3479 modo
1566 3413 1653 3480 insti-

206 3515 342 3580 tuendis.
388 3512 553 3601 Oolloquia
576 3514 652 3581 cleri
673 3517 787 3604 ubique
809 3519 907 3585 semel
929 3529 982 3583 aut
1004 3518 1120 3605 pluries
1151 3541 1209 3606 per
1232 3540 1346 3582 annum
1367 3519 1454 3584 finnt.

296 3622 326 3684 2.
361 3617 528 3707 Superiora
561 3619 679 3688 officia:
739 3621 913 3688 Vieariataa
945 3623 1118 3712 pastorales,
1153 3621 1377 3688 ordinatam
1381 3673 1393 3705 ,
1427 3625 1466 3688 ab
1499 3625 1652 3714 episcopis

205 3723 318 3806 libere,
353 3723 534 3811 praesertim
568 3747 586 3790 e
620 3725 782 3808 canonicis,
816 3738 1053 3816 componuntur.
1105 3726 1268 3812 Expensae
1303 3728 1418 3816 partim
1451 3751 1490 3795 cx
1523 3730 1651 3810 aerario,

205 3829 324 3918 partim
347 3850 364 3893 e
386 3831 470 3893 tamis
492 3827 578 3892 fiunt.
628 3827 814 3896 Tmbaaalia
835 3855 893 3918 pro
917 3835 1018 3898 causas
1039 3832 1319 3898 matrimonialibus
1348 3833 1492 3920 (quorum
1528 3845 1651 3899 senten-

205 3934 268 4000 tiae
291 3955 331 4000 ex
353 3933 424 4019 lege
446 3933 526 3998 civili
549 3933 579 3999 d.
601 3937 630 4000 2.
653 3933 725 4001 Jan.
753 3935 835 4000 1849
858 3935 974 4000 nullam
1004 3936 1036 4000 in
1059 3936 1127 4002 foro
1150 3935 1233 4001 civili
1262 3936 1376 4002 habent
1398 3937 1475 4024 vim)
1507 3947 1537 4002 et
1566 3939 1651 4004 cleri·

205 4062 314 4106 comma
341 4037 594 4126 disceptiaaribas
626 4037 742 4124 ubique
769 4037 915 4106 existunt.
974 4039 1015 4104 In
1036 4040 1120 4106 omni
1152 4040 1286 4108 dioecesi
1309 4042 1408 4108 laicas
1422 4041 1651 4129 jureconsultus

206 4143 380 4232 (syndicus,
404 4143 619 4230 cancellarius)
643 4143 725 4230 apud
748 4142 928 4210 vicariatum
951 4148 1130 4232 generalem
1153 4156 1211 4214 cet.
1233 4145 1405 4212 adhibetur.

295 4248 325 4314 3.
360 4246 531 4334 Epsscopus
564 4249 734 4314 anatliema
764 4247 798 4313 in
827 4259 906 4337 part
939 4251 994 4316 inf.
1024 4274 1082 4340 pro
1104 4275 1290 4340 unaquaque
1323 4252 1458 4318 dioecesi
1480 4253 1649 4320 secundum

206 4351 326 4418 bullam
350 4351 419 4435 ,De
440 4352 541 4418 salute
563 4353 754 4418 animarum“
778 4353 932 4420 nominari
954 4355 1040 4430 solet

890 4561 896 4576 .
934 4511 987 4576 48.

574 4628 630 4697 De
658 4629 785 4697 tributis
812 4516 1047 4701 uerbenatum
1072 4641 1106 4700 et
1131 4631 1288 4702 mollibus.

293 4777 322 4841 1.
349 4775 480 4842 Tritum
501 4777 814 4844 camaracenses
846 4779 953 4846 stricto
975 4803 1039 4848 non
1060 4782 1177 4868 vigent.
1229 4781 1280 4850 De
1302 4784 1490 4850 almaaatico
1512 4785 1545 4852 in
1567 4784 1648 4853 dioe-

204 4882 266 4950 cesi
289 4882 458 4950 Vratislav.
488 4884 561 4950 vide
581 4884 707 4954 ibidem.
768 4885 808 4952 ln
839 4885 970 4975 singulis
1004 4888 1195 4955 dioecesibus
1229 4911 1288 4977 pro
1317 4888 1448 4955 ecclesia
1480 4889 1650 4957 cathedrali
