3925 5609
1626 465 1659 524 st

307 619 357 691 De
374 621 447 712 jure
462 623 651 713 procidendi
678 621 751 694 aide
773 623 850 696 Tab.
873 621 917 692 11.
961 623 1013 695 De
1041 621 1189 695 reditibus
1218 626 1319 695 benef.
1348 623 1435 710 vids,
1465 624 1549 716 quod
1578 625 1660 716 apud

219 729 317 798 dioec.
333 729 428 820 Preg.
445 729 561 798 dictum
578 742 641 816 est3
664 753 681 800 6
695 731 791 798 fundo
807 731 862 798 rel.
874 731 917 798 98
932 731 1031 799 benet
1047 733 1200 816 dotantur,
1223 732 1343 820 reliqua
1357 754 1396 799 ea
1411 732 1501 798 bonis
1515 730 1659 822 propriis.

232 907 240 916 .
305 857 401 927 VIII.
445 883 472 926 a.
497 860 671 952 Gymnasia
695 861 862 929 catholica:
886 864 1092 952 3superiora‚
1116 864 1309 929 3inferiora.
1353 864 1382 930 b.
1404 862 1532 930 8616166
1545 863 1660 928 reaiese

220 965 236 1028 1
261 985 338 1052 sup,
362 966 403 1030 12
425 963 515 1031 infer.
560 989 585 1032 c.
607 965 716 1032 Aliaer
738 969 781 1032 26
805 963 1002 1054 „capitales“,
1025 970 1088 1034 977
1113 967 1325 1034 elementares.
1368 967 1408 1032 In
1430 966 1479 1032 his
1502 965 1659 1034 etscholis

216 1067 294 1133 real.
315 1068 486 1136 inferiorib.
509 1069 623 1136 docent
646 1071 729 1136 1405
761 1071 902 1158 magistri
930 1082 962 1138 61
984 1073 1179 1159 coadjutores
1207 1070 1396 1154 saeculares,
1425 1071 1660 1158 ludimagistrae

216 1171 394 1260 puellarum
416 1174 576 1261 regulares
599 1175 659 1255 24,
693 1174 861 1262 magistrae
889 1175 1030 1242 laborum
1058 1177 1303 1259 industrialium,
1322 1175 1449 1264 partim
1478 1175 1659 1246 saecularass

216 1276 331 1364 partim
354 1277 453 1366 regul.
477 1279 527 1344 34
571 1277 738 1346 Scholares
760 1291 831 1346 sunt
857 1281 1001 1347 171760.

304 1397 438 1466 Scholee
459 1399 559 1466 acatis.
582 1399 783 1468 elementares
806 1404 858 1468 24.

304 1527 363 1596 ΙΧ.
406 1530 645 1598 146661616166116
667 1530 855 1600 dioecesana.
900 1555 926 1599 a.
952 1533 1170 1600 0666666666
1191 1555 1262 1598 cum
1282 1530 1438 1614 Praeside‚
1460 1533 1481 1597 8
1502 1553 1658 1615 assessor..

214 1635 239 1700 4
261 1633 453 1700 officialibus.
497 1635 525 1701 E
547 1635 643 1702 fundo
665 1637 827 1724 religionis
841 1647 1043 1704 numerantur
1057 1660 1115 1727 pro
1131 1635 1323 1704 Consistorio
1340 1636 1501 1724 quotannis
1517 1635 1657 1706 225811.

303 1755 333 1820 b.
355 1755 516 1822 dedictum
538 1759 671 1823 matrim.
696 1779 764 1822 cum
788 1756 943 1838 Praeside,
967 1757 1129 1838 5066611,
1151 1755 1319 1846 Deferssore
1341 1766 1372 1822 et
1386 1757 1501 1826 Secret.
1535 1780 1559 1822 c.
1582 1756 1657 1823 Jad.

215 1858 449 1926 eocksimtieam
472 1864 543 1950 (pro
568 1861 635 1926 aliis
659 1860 770 1948 causis)
795 1884 864 1928 oum
885 1862 1008 1945 Proca,
1041 1863 1073 1928 4.
1099 1861 1209 1928 Cenat
1237 1899 1280 1910 -
1309 1863 1510 1927 annotata
1540 1861 1572 1926 in
1590 1861 1658 1948 jud.

215 1963 350 2029 matrim.
373 1973 522 2032 tractatae
544 1967 671 2032 fuerunt
694 1989 803 2032 causae
832 1976 965 2057 separat.
996 1990 1015 2031 a
1043 1965 1135 2032 thoro
1165 1975 1196 2031 et
1224 1987 1329 2032 mensa
1357 1968 1416 2048 25,
1450 1965 1591 2054 sponsal.¹
1607 1967 1657 2049 13,

213 2066 419 2134 secundarum
441 2069 619 2160 nuptiarum
642 2070 673 2134 vi
696 2069 911 2137 declarationis
935 2070 973 2136 da
994 2079 1094 2136 morta
1115 2069 1255 2156 conjugis
1277 2068 1481 2136 ineundorum
1504 2073 1533 2135 1.

301 2197 344 2264 X.
388 2199 532 2290 Syaodua
554 2200 732 2268 dioecesana
753 2202 854 2290 prima
876 2201 936 2267 fuit
957 2201 1063 2267 habita
1084 2223 1111 2266 6.
1136 2201 1229 2267 1863.

302 2328 361 2396 XI.
405 2329 533 2420 Liapaa
555 2330 587 2398 in
609 2331 684 2399 locis
706 2331 925 2400 beneficiorum
948 2332 990 2397 93
1014 2340 1060 2396 est
1081 2351 1166 2397 mare
1187 2330 1383 2419 germanica,
1416 2329 1449 2396 in
1482 2331 1521 2395 16
1550 2331 1656 2420 potiss.

213 2455 330 2520 germ,
353 2435 385 2499 in
406 2437 450 2501 24
470 2436 577 2525 potius.
601 2436 740 2522 bahem,
762 2437 796 2504 in
818 2438 883 2504 326
904 2457 989 2502 mera
1010 2434 1181 2502 bohemica
1477 2443 1482 2450 '

873 2659 902 2742 e.
947 2659 1001 2724 22:

536 2801 576 2873 l).
631 2801 805 2870 Diocaesa'a
832 2801 1062 2873 Badoiceasis.
1114 2800 1328 2891 (nausea).

300 2981 413 3048 Erecta
436 2968 520 3048 bulla
541 2983 590 3049 Pii
615 2985 672 3050 VI.
695 2984 724 3052 d.
747 2983 822 3051 XII.
846 2985 914 3055 Cal.
938 2986 1065 3055 Octobr.
1091 2987 1183 3052 1785.

300 3093 419 3160 Habuit
442 3097 462 3162 3
486 3095 666 3186 Episcopos.
711 3097 849 3180 Quartus
870 3111 936 3167 est:

298 3206 523 3275 Johannea·
545 3210 792 3277 Valerianus
825 3212 977 3296 Jirsik,
1018 3222 1108 3278 natus
1137 3211 1167 3278 d.
1199 3213 1249 3277 19.
1270 3209 1346 3280 Jun.
1379 3212 1479 3296 1738,
1512 3212 1578 3279 ord.
1601 3214 1654 3279 28.

212 3310 289 3376 Dec.
318 3314 416 3395 1820,
438 3313 604 3380 inthronis.
630 3317 657 3380 1.
680 3314 759 3382 Nor.
784 3318 878 3389 1851.

300 3431 409 3500 Marisa
430 3437 610 3524 episcopatis
632 3438 664 3526 (6
685 3439 783 3506 fundo
805 3441 968 3530 religionis
988 3438 1203 3529 percipienda)
1233 3450 1280 3505 est
1310 3440 1394 3505 1260
1422 3439 1453 3504 fl.
1484 3461 1523 3506 m.
1553 3463 1580 3504 6.
1609 3438 1655 3528 [et

212 3535 299 3602 3150
332 3539 364 3602 16
397 3543 678 3628 compensationem
709 3545 900 3612 ususfructus
929 3544 1048 3635 praedii
1077 3553 1215 3633 tempore
1247 3554 1372 3610 retento
1394 3542 1540 3626 'venditi3
1580 3565 1654 3608 num

212 3640 323 3707 titulus
344 3641 427 3708 hanc
466 3667 615 3712 summam
647 3671 665 3712 a
695 3649 792 3716 fundo
821 3650 912 3738 relig.
942 3648 1087 3736 exigendi
1122 3649 1266 3714 indubius
1296 3647 1350 3730 sit,
1381 3648 1514 3738 ignorol.
1564 3646 1655 3714 Tarsa

215 3743 366 3813 Gamerae
386 3758 433 3814 est
454 3751 518 3816 448
539 3751 608 3821 flor.
632 3775 749 3820 aureos.
773 3754 807 3842 (i.
830 3776 856 3821 6.
880 3754 961 3820 circa
982 3756 1069 3821 2420
1091 3754 1122 3819 fl.
1144 3777 1185 3819 m.
1208 3760 1260 3836 6.).

299 3877 326 3942 Ι.
371 3879 473 3946 Silera:
509 3881 550 3947 In
573 3881 725 3950 Bohemia
747 3884 962 3975 complectitur
985 3895 1066 3950 totos
1096 3883 1226 3949 circulos
1248 3879 1485 3947 Budwicensem
1515 3891 1546 3948 et
1573 3881 1656 3949 Pise-

213 4003 355 4064 censem‚
389 4007 535 4072 magnam
565 4000 685 4077 partem
716 3989 828 4058 Tabor.
843 3987 889 4058 'et
917 3989 1072 4055 Pilsnens.
1102 3997 1133 4054 et
1162 3996 1265 4075 partes
1290 3985 1440 4074 Pragens.
1472 3984 1595 4054 Caslav.
1625 3996 1657 4053 et

213 4085 382 4173 liparensis,
406 4089 478 4156 circ.
500 4091 564 4160 mil.
587 4095 652 4158 204
675 4104 717 4170 [].

300 4216 347 4283 ΙΙ.
391 4219 552 4287 Diuiditur
574 4223 605 4288 in
628 4226 649 4289 8
667 4225 991 4317 Arotipreadyteratas
1013 4248 1083 4291 oum
1105 4226 1148 4291 34
1169 4223 1386 4303 Vicae-tatibus,
1410 4244 1542 4310 quorum
1557 4168 1656 4287 aichi-

211 4322 389 4410 presbyteri
412 4335 444 4390 et
464 4325 570 4392 vicarii
592 4328 631 4391 ab
654 4328 822 4398 Ordinario
844 4331 1053 4396 nominantur.
1097 4329 1230 4417 Reliqua
1247 4328 1317 4395 vide
1332 4327 1415 4417 apud
1429 4326 1524 4415 Prag.
1538 4326 1655 4392 archid.

222 4511 227 4526 ,
298 4452 362 4520 III.
407 4455 910 4547 sraasaaimeram(a1864):
953 4459 1078 4528 Cathol.
1104 4455 1657 4544 1,065.443‚Aesth.2.913,.1ud.

215 4558 357 4648 17338,
379 4559 398 4626 i.
423 4583 446 4625 s.
473 4563 648 4640 1,085.694.

302 4680 533 4770 Oaafirmaatur
553 4708 610 4776 per
631 4706 745 4752 annum
770 4708 862 4775 supra
884 4687 1012 4753 20.000.

299 4803 505 4874 Matrimonia
526 4812 628 4876 66616
649 4832 676 4875 6.
703 4810 784 4875 1862
807 4806 883 4874 inita
913 4819 987 4874 sunt
1017 4811 1075 4893 17,
1109 4829 1127 4875 6
1157 4809 1270 4898 quibus
1301 4811 1340 4876 11
1372 4764 1442 4875 cum
1474 4809 1657 4887 educatione

210 4909 352 5002 prolium
374 4933 458 4981 mare
480 4915 561 4980 cath.
584 4916 605 4980 6
626 4935 697 4982 oum
718 4913 826 4982 mixta.
