3925 5609
1631 475 1664 527 95

206 652 409 717 unoquoque
431 629 567 719 capitulo
589 630 685 695 rurali
708 629 814 696 existit
837 628 1041 696 Camerarius
1062 641 1094 696 et
1116 631 1233 718 aliquot
1264 644 1346 696 testea
1372 629 1533 720 synodales
1554 629 1664 696 eodem

208 735 305 800 modo
328 746 364 799 ut
388 734 496 801 decani
518 735 709 801 nominandi.

300 844 332 906 2.
356 840 529 928 Superiora
551 841 658 929 officia
681 841 764 906 haud
786 842 919 907 multum
942 841 980 906 ab
1004 841 1133 907 aliarum
1158 841 1347 906 dioecesium
1370 839 1517 906 differunt
1539 849 1570 904 et
1585 840 1665 904 inlra
1776 838 1779 848 ’

206 956 425 1011 recensentur.
456 986 496 996 -
528 945 679 1012 Tribunal
701 969 760 1035 pro
782 947 883 1012 causis
905 946 1183 1012 matrimonialibus
1206 945 1410 1032 dijudicandis
1444 944 1662 1012 Coasistmium

205 1059 352 1116 vocatur.
409 1051 498 1132 Quae
520 1075 579 1141 pro
601 1053 657 1116 2d⁸
679 1061 712 1118 et
732 1053 793 1118 3ua
822 1051 969 1118 instantia
1000 1050 1144 1138 delegata
1166 1051 1228 1116 sint
1251 1049 1362 1130 curiae,
1394 1072 1448 1114 suo
1482 1049 1550 1115 loco
1585 1049 1664 1114 indi-

205 1163 320 1220 catum
342 1167 398 1222 est.

299 1259 333 1324 3.
362 1259 487 1326 Vicam‘a
507 1261 647 1348 qmaraii
676 1261 709 1347 (e
731 1259 949 1347 capitularibus
972 1257 1138 1346 sumendo)
1173 1259 1236 1322 500
1264 1257 1375 1322 florcni
1398 1257 1501 1338 annui,
1532 1256 1577 1337 iis,
1612 1256 1664 1344 qui

202 1366 372 1429 secretarii
387 1363 523 1452 episcop.
543 1374 647 1452 partes
660 1374 768 1450 agunt,
790 1365 856 1429 200
869 1363 901 1431 fl.
917 1386 956 1428 ex
981 1364 1098 1430 aerario
1114 1361 1276 1428 solvuntur
1299 1361 1487 1450 (concordat.
1503 1372 1561 1426 art.
1577 1359 1665 1448 HL).

204 1466 370 1556 Reliquae
392 1469 564 1536 officiorum
586 1468 747 1558 impensae
770 1480 822 1533 aut
838 1490 856 1534 e
871 1467 974 1534 lundis
990 1467 1186 1556 generalibus
1203 1474 1256 1532 aut
1271 1469 1310 1532 ab
1326 1465 1499 1536 Ordinariis
1515 1466 1665 1532 feruntur.

203 1571 246 1635 In
274 1572 376 1636 causis
391 1571 677 1638 'matrimonialibus
707 1571 888 1660 apartibus
911 1585 1007 1638 taoeaa
1029 1571 1196 1638 solvendae
1219 1582 1304 1653 sunt;
1334 1571 1415 1638 idem
1445 1569 1550 1634 locum
1571 1570 1665 1634 habet

204 1677 317 1763 quoad
340 1677 584 1767 dispensationes
607 1679 763 1745 ordinario
782 1680 854 1765 jure
878 1677 1004 1744 dandas.

299 1784 331 1848 4.
354 1782 503 1871 Episcopi
524 1785 700 1852 occultares
722 1783 754 1848 in
778 1783 867 1850 nulla
890 1781 1023 1848 diaecesi
1046 1782 1191 1848 existunt.

876 1981 904 2059 a.
950 1977 1003 2040 aa.

580 2122 636 2189 De
662 2123 793 2190 bibatis
819 2103 1056 2190 ecclesiasticis
1083 2127 1116 2187 ct
1142 2117 1302 2186 ciuilibus.

299 2302 326 2368 1.
363 2302 494 2369 uuum
523 2303 724 2370 acclamastica
754 2326 816 2371 non
837 2305 952 2392 ubique
974 2303 1084 2370 eadem
1115 2301 1233 2389 vigent.
1278 2299 1419 2388 Excepta
1441 2299 1572 2365 dioecesi
1596 2298 1664 2386 Spi-

207 2407 296 2472 rensi
327 2407 445 2494 ubique
474 2412 732 2474 semimaristicam
761 2433 785 2474 s.
808 2411 1034 2476 alumnaticum
1063 2405 1290 2472 abeneliciatis
1320 2405 1352 2468 in
1374 2428 1493 2470 summa
1516 2415 1664 2470 consuetu

209 2512 316 2576 datur.
371 2510 539 2578 Praeterea
568 2515 601 2577 in
631 2512 816 2599 quibusdam
846 2513 1053 2595 dioecesibus,
1078 2512 1243 2600 (August,
1268 2508 1448 2590 Eichstett.,
1473 2510 1524 2575 ubi
1547 2533 1664 2574 annuos

213 2617 277 2680 128
300 2615 331 2679 fl.
356 2617 397 2680 52
420 2617 466 2682 kr.
489 2618 597 2704 refert)
628 2631 800 2683 commatum
822 2641 962 2684 ammaum
991 2639 1014 2682 s.
1038 2619 1205 2684 commissio
1227 2639 1335 2680 aaaaa
1357 2615 1452 2700 viget,
1484 2615 1502 2680 i.
1536 2636 1561 2679 e.
1592 2624 1666 2677 taxa

211 2823 350 2888 Accedit
382 2826 623 2892 cathedraticum
656 2829 823 2915 (August,
858 2827 1049 2916 Monacens),
1083 2827 1289 2892 mortuarium
1323 2824 1495 2911 (August).
1556 2822 1665 2890 Tuscae

212 2929 355 3015 danique
386 2930 566 3013 solvuntur,
598 2942 704 3020 utpote
734 2953 792 3022 pro
821 2935 1009 2998 institutione
1014 2980 1025 3012 ,
1062 2940 1207 2996 consueta
1230 2928 1348 3016 paulelli
1369 2928 1564 3016 pratificatia.
1609 2929 1664 2993 Ea

212 3034 402 3100 iiberalitate
434 3045 573 3124 tempore
606 3037 722 3102 recenti
756 3060 775 3100 a
807 3037 924 3104 clericis
959 3036 1076 3123 ubique
1107 3045 1209 3116 certae
1240 3057 1376 3099 summae
1399 3055 1518 3099 annuae
1541 3034 1663 3116 dantur,

212 3139 399 3224 praesertim
422 3161 480 3228 pro
503 3141 674 3205 seminariis
697 3163 874 3230 puerorum,
898 3139 1173 3230 orphanotrophiis
1194 3139 1249 3204 rol.

303 3244 333 3308 2.
373 3241 502 3308 Tributa
525 3245 658 3333 publica
691 3245 822 3311 abonis
846 3244 1060 3311 ecclesiasticis
1093 3243 1264 3310 secundum
1296 3245 1381 3329 leges
1413 3243 1573 3330 generales
1605 3243 1665 3308 sol-

213 3358 333 3410 vuntur
367 3346 406 3434 le.
429 3369 476 3434 gr.
512 3348 647 3436 vectigal
679 3371 758 3434 agro
787 3350 976 3438 impositum,
1013 3349 1250 3428 habitationum,
1285 3349 1424 3436 quaestui
1457 3347 1664 3438 impositum];
1727 3374 1729 3380 ¹

212 3450 367 3515 immunia
400 3473 473 3518 vero
505 3464 578 3518 sunt
610 3453 718 3519 tributi
750 3476 809 3543 pro
841 3454 991 3541 impensis
1025 3454 1288 3520 communitatum.
1333 3452 1384 3518 Ex
1415 3452 1485 3539 lege
1515 3454 1565 3518 31.
1588 3453 1665 3539 Maji

213 3557 301 3619 1856
325 3555 425 3634 omnis
448 3557 575 3640 reditus,
599 3558 652 3644 qui
674 3580 776 3645 neque
797 3559 944 3646 vectigali
966 3581 1043 3646 agro
1059 3558 1214 3648 imposito,
1237 3579 1338 3645 neque
1355 3558 1540 3638 dominicali,
1564 3579 1666 3644 neque

213 3658 353 3739 aedium,
385 3682 485 3747 neque
507 3672 651 3749 quaestus
674 3661 831 3750 imposito,
860 3686 965 3751 nequa
997 3663 1132 3750 denique
1162 3685 1257 3728 censu
1288 3669 1327 3728 e'x
1357 3663 1458 3728 reditu
1488 3673 1665 3728 mutuorum

211 3763 364 3828 solvendo
382 3777 527 3830 oneratus
543 3776 600 3847 est,
623 3790 728 3832 causus
751 3768 862 3835 tributa
879 3769 1021 3854 subjacet
1036 3767 1371 3854 (Eialcommmstcucr).
1409 3767 1553 3833 Duorum
1569 3767 1665 3832 tribu·
1739 3791 1742 3797 ·

212 3879 318 3932 torum
334 3869 539 3954 posteriorum
553 3871 699 3936 immunis
714 3883 760 3936 est
786 3875 817 3960 l)
832 3873 951 3939 reditus
973 3873 1190 3938 fundationum
1213 3884 1243 3938 et
1258 3872 1467 3936 institutorum
1491 3895 1548 3959 pro
1573 3872 1664 3956 cultu,

213 3972 355 4053 caritate,
378 3973 591 4057 instructione,
615 3977 648 4061 2)
672 3976 774 4064 capita
797 3978 923 4065 (sortes)
947 3976 1172 4060 fundationum,
1197 3999 1275 4064 quse
1299 3977 1437 4042 deductis
1461 3977 1582 4040 tributis
1605 3975 1666 4041 fine

212 4101 270 4142 suo
293 4099 357 4142 non
379 4079 565 4162 sufficerent,
589 4081 623 4167 3)
643 4081 743 4168 capita
765 4081 997 4163 beneficiorum,
1024 4103 1155 4168 quorum
1178 4103 1286 4146 usuras
1310 4082 1374 4146 sive
1396 4081 1527 4146 reditum
1551 4081 1665 4147 benefi-
1783 4134 1785 4140 .

214 4182 328 4246 ciarius
360 4180 503 4248 adhibeat
536 4195 660 4272 oportet
692 4185 724 4271 a)
755 4184 794 4248 ad
824 4208 917 4252 onera
947 4186 980 4252 in
1010 4197 1120 4251 natura
1149 4187 1200 4252 vel
1230 4186 1364 4250 nunrrnis
1392 4184 1580 4272 reipublicae
1612 4187 1663 4252 vcl

213 4286 338 4372 privato
371 4309 410 4351 ex
442 4287 533 4354 titulo
567 4288 693 4376 speciali
725 4291 920 4376 praestanda,
955 4291 989 4379 b)
1023 4290 1062 4355 ad
1096 4290 1224 4357 alendos
1256 4301 1287 4356 et
1316 4291 1472 4379 stipendio
1503 4290 1665 4358 donandos

216 4401 444 4479 cooperatores,
479 4414 557 4479 quos
580 4415 736 4459 assumere
758 4394 859 4460 debet

303 4494 333 4560 3.
375 4493 555 4581 Singularis
596 4518 615 4559 a
648 4497 767 4562 clericis
798 4499 865 4584 jam
896 4499 1083 4588 praestanda
1115 4499 1230 4564 tributa
1270 4514 1341 4565 sunt
1374 4514 1469 4565 tuaac
1510 4504 1665 4567 accasiaaa

217 4601 354 4664 animam
386 4600 565 4687 confermati
596 4601 765 4667 salvatrice.
820 4602 904 4690 (Hae
937 4612 1062 4690 praeter
1095 4614 1182 4669 taxas
1213 4627 1271 4693 pro
1300 4604 1455 4670 beneficiis
1485 4615 1677 4692 patronatus

218 4704 297 4790 regii
321 4712 395 4768 sunt
416 4703 534 4770 decima
562 4705 619 4793 (10
641 4708 696 4794 ⁰lo)
726 4707 845 4772 reditus
872 4708 982 4790 annui,
1013 4732 1070 4797 pro
1095 4709 1250 4776 beneficiis
1281 4710 1451 4775 collationis
1474 4709 1592 4775 liberae
1614 4712 1665 4776 vel

214 4808 475 4896 jurispatronatus
496 4809 610 4898 privati
631 4813 775 4877 uicesima
797 4814 830 4900 (5
847 4811 912 4900 llo).
957 4812 1093 4901 Insuper
1115 4836 1220 4879 ornnes
1243 4815 1275 4880 in
1299 4815 1448 4882 beneficio
1465 4815 1662 4907 suscipiendo

220 4912 258 4980 ad
281 4935 401 4981 cassam
423 4913 643 4982 Ordinariatus
666 4915 790 4984 solvunt
813 4918 996 4986 centesimas
1020 4929 1121 4984 ternas
1145 4919 1177 5008 (3
1195 4921 1260 5013 llo).
