3925 5609
996 656 1026 738 s.
1069 655 1099 720 a.

847 796 903 866 De
929 808 1020 868 stata
1046 801 1241 868 arumna.

411 967 565 1054 Baptana,
589 989 667 1052 quae
689 974 849 1046 vocantur,
872 979 968 1030 statua
990 966 1099 1046 ciuilia
1130 965 1169 1030 de
1191 965 1281 1046 natis,
1303 964 1443 1046 mortuis,
1466 963 1683 1045 matrimoniis,
1709 965 1787 1029 sive

325 1073 472 1136 matricae
485 1071 741 1159 baptismatorum
758 1071 803 1156 (et
817 1073 984 1157 natorum),
1007 1082 1208 1152 mortuorum,
1224 1069 1455 1158 copulationum
1470 1067 1572 1156 quoad
1589 1068 1785 1135 Catholicos

325 1178 440 1242 asolis
472 1177 614 1264 parochis
646 1175 858 1255 conficiuntur,
890 1186 920 1239 et
951 1175 1078 1262 quidem
1110 1175 1215 1262 dupla.
1270 1174 1378 1241 Unum
1399 1173 1560 1261 exemplar
1581 1173 1614 1236 in
1636 1173 1787 1238 archivio

325 1283 451 1369 paroch.
482 1291 664 1362 asservatur,
695 1279 828 1344 altarum
852 1280 1018 1366 quotannis
1050 1279 1267 1345 Ordinariatui
1289 1277 1516 1343 transmittitur.
1560 1278 1722 1365 Inspectio
1751 1291 1788 1344 et

325 1386 436 1466 revisio
470 1386 627 1450 ordinaria
662 1384 826 1472 quotannis
860 1407 918 1470 per
951 1385 1082 1449 decanos
1112 1385 1230 1449 rurales
1261 1407 1386 1449 necnon
1415 1383 1497 1470 apud
1528 1383 1785 1464 Ordinariatum,

323 1489 566 1555 extraordinaria
589 1490 621 1552 in
644 1500 715 1553 actu
737 1488 921 1552 visitationis
944 1489 1127 1578 episcopalis
1149 1511 1206 1576 per
1221 1487 1425 1554 Ordinarium
1447 1487 1498 1553 vel
1514 1487 1783 1554 Commissarium

325 1595 501 1682 delegatum
525 1594 703 1658 instituitur.
794 1641 802 1648 -

411 1699 553 1786 Singulis
576 1699 665 1762 annis
680 1698 815 1786 parochi
844 1697 973 1762 tabellas
998 1698 1152 1762 confectas
1181 1719 1239 1786 pro
1262 1697 1452 1762 districtibus
1482 1695 1626 1784 politicis,
1661 1697 1784 1782 quibus

324 1805 470 1891 parochia
499 1814 631 1885 tenetur,
662 1803 858 1889 magistratui
890 1803 973 1867 civili
997 1804 1123 1868 tradere
1155 1802 1290 1867 debent:
1337 1802 1369 1888 l)
1394 1803 1434 1866 de
1457 1802 1544 1866 obitu
1567 1799 1784 1888 pupillorum.

324 1912 357 1997 2)
382 1908 571 1995 consignatio
593 1908 729 1996 prolium
753 1909 824 1996 (pro
847 1908 1082 1995 vaccinatione).
1127 1908 1161 1995 3)
1184 1907 1379 1994 consignatio
1402 1907 1538 1987 illorum,
1563 1906 1617 1993 qui
1638 1917 1782 1971 aetatem

324 2015 489 2078 militarem
505 2013 684 2099 attigerunt.
736 2014 770 2100 4)
794 2035 889 2100 super
905 2023 987 2077 statu
1002 2012 1209 2101 populationis
1233 2012 1320 2099 (nati,
1343 2011 1467 2093 mortui,
1490 2010 1690 2075 matrimonia
1703 2016 1783 2098 cet.)

324 2119 492 2184 secundum
529 2119 654 2183 schema
689 2118 924 2206 praescriptum.
984 2117 1182 2184 Documenta
1215 2118 1328 2204 legalia
1362 2116 1514 2204 baptismi,
1537 2116 1655 2197 martia,
1680 2139 1784 2205 copu-

324 2224 446 2290 lationis
470 2233 527 2288 cet.
550 2248 567 2288 a
590 2222 735 2310 parochis
758 2223 1004 2288 conscribuntur.

409 2329 538 2394 Praeter
569 2329 720 2407 matrices,
752 2350 828 2414 quas
851 2326 1018 2408 nominavi,
1050 2326 1178 2415 parochi
1201 2337 1310 2391 tenere
1333 2326 1450 2391 debent
1472 2325 1587 2389 librum
1609 2324 1780 2389 denuntia-

330 2435 446 2498 tionum
470 2433 745 2498 matrimonialium
769 2444 799 2496 et
821 2431 973 2497 examinis
996 2455 1191 2521 sponsorum.

998 2631 1025 2708 ξ.
1071 2625 1100 2690 3.

948 2772 1005 2839 De
1037 2772 1142 2840 Olera

355 2945 356 2950 ἵ
408 2956 434 3022 I.
467 2957 702 3022 Educatio.
758 2958 787 3019 l.
821 2955 1002 3021 Seminaria
1018 2980 1190 3042 puerorum
1211 2965 1281 3042 post
1311 2976 1427 3018 annum
1451 2955 1544 3035 1849,
1568 2963 1602 3017 ut
1624 2953 1780 3040 equidem

322 3062 396 3146 scio,
432 3062 465 3124 in
497 3061 640 3150 plurimis
676 3060 870 3125 dioecesibus
902 3071 1013 3140 erecta,
1048 3061 1105 3124 sub
1134 3060 1201 3125 sola
1230 3058 1468 3125 Ordinariorum
1498 3058 1669 3123 directione
1690 3071 1781 3124 sunt.

322 3167 466 3232 Fundata
498 3175 570 3230 sunt
604 3166 773 3230 maximum
807 3189 847 3230 ax
880 3165 968 3228 donis
1002 3164 1247 3252 Episcoporum,
1289 3163 1496 3250 capitulorum
1537 3163 1708 3228 aliorumve
1746 3175 1782 3230 et

323 3281 538 3336 sustentantur
570 3271 684 3358 partim
706 3271 808 3335 reditu
838 3270 927 3334 fundi
948 3270 1054 3357 ipsiuS,
1084 3270 1198 3356 partim
1220 3268 1357 3350 summis,
1388 3291 1464 3354 quas
1488 3267 1659 3348 Ordinarii,
1682 3289 1781 3332 cano·
1824 3294 1826 3349 ξ

324 3377 385 3440 uici
414 3375 507 3440 aliive
538 3375 712 3462 presbyteri
744 3375 908 3461 quotannis
937 3374 1112 3438 voluntarie
1142 3374 1274 3439 solvunt.
1330 3372 1462 3438 Alumni
1490 3373 1683 3460 plerumque,
1718 3374 1780 3436 ubi
1824 3400 1826 3469 q

323 3481 510 3546 contrarium
541 3481 660 3544 obtinet
689 3503 744 3544 sno
774 3481 841 3544 loco
865 3481 993 3560 dicetur,
1023 3479 1056 3542 in
1078 3480 1244 3566 gymnasio
1267 3479 1393 3568 publico
1415 3480 1621 3543 instruuntur.
1679 3475 1779 3542 siin
1824 3482 1826 3533 l

322 3587 389 3673 ipsa
412 3585 502 3650 domo
531 3587 733 3665 instruantur,
766 3585 941 3649 institutum
970 3587 1127 3671 gymnasii
1142 3585 1265 3672 publici
1287 3584 1472 3674 qualitatem
1494 3583 1562 3649 solo
1586 3582 1781 3664 ,Ministerii
1824 3580 1825 3603 ¹

324 3697 440 3756 status“
473 3689 596 3755 decreto
613 3690 734 3778 accipit.
779 3688 902 3768 Quodsi
924 3689 1006 3752 hanc
1028 3690 1208 3774 qualitatem
1231 3711 1295 3753 non
1316 3689 1503 3775 acquisierit,
1526 3712 1666 3769 examen,
1689 3689 1782 3774 quod

324 3806 450 3860 vocatur
472 3797 668 3875 maturitatis,
692 3795 724 3857 in
747 3793 912 3880 gymnasio
936 3817 1078 3860 caesareo
1100 3796 1190 3881 regio
1213 3795 1317 3860 locum
1338 3794 1440 3858 hahet.

410 3903 438 3965 2.
472 3899 636 3986 Episcopis
666 3900 799 3963 liberum
830 3909 885 3979 est,
922 3921 1000 3983 quos
1031 3899 1145 3984 dignos
1176 3899 1362 3980 existiment,
1401 3898 1557 3978 ordinare,
1593 3921 1690 3984 quum
1722 3898 1780 3964 lex
1824 3878 1826 3889 Ι

325 4003 423 4068 civilis
446 4003 614 4069 secundum
640 4003 823 4070 Coacordati
846 4014 901 4066 art.
925 4001 982 4068 IV.
998 4003 1043 4067 lit.
1058 4004 1088 4068 b.
1112 4026 1244 4070 canones
1266 4027 1344 4092 pure
1367 4014 1524 4090 agnoscat.
1570 4003 1779 4068 Generaliter
1824 3982 1826 4063 l

326 4108 365 4172 ad
389 4109 553 4196 theologiae
574 4108 710 4173 studiant
732 4131 794 4172 non
816 4107 1022 4171 admittuntur
1041 4107 1099 4170 nisi
1124 4109 1177 4194 qui
1199 4109 1356 4197 gymnasii
1380 4109 1491 4174 classes
1514 4108 1594 4173 bene
1617 4130 1650 4172 se
1673 4109 1778 4173 absol·
1824 4070 1826 4139 Ι

328 4213 406 4277 visse
440 4224 470 4277 et
493 4224 627 4277 maturos
651 4237 727 4295 esse,
763 4212 906 4276 examine
930 4211 1054 4300 publico
1087 4214 1271 4279 maturitatis
1300 4214 1520 4301 probaverunt.
1576 4211 1642 4280 Sed
1672 4236 1778 4278 sacer·
1824 4196 1825 4207 ἵ

328 4317 435 4380 dotum
470 4309 662 4404 potissimum
692 4327 826 4404 urgente
860 4316 989 4404 penuria
1021 4316 1137 4381 factum
1171 4328 1227 4398 est,
1260 4328 1295 4382 ut
1328 4318 1361 4381 in
1390 4317 1553 4406 permultis
1583 4317 1777 4384 dioecesibus

323 4422 455 4507 juvenes
489 4421 521 4485 in
544 4422 705 4487 seminario
739 4421 936 4510 recipiantur,
971 4421 1026 4509 qui
1055 4420 1132 4486 illud
1163 4444 1292 4489 examen
1325 4446 1387 4487 non
1421 4423 1644 4511 superaverint,
1680 4423 1777 4490 immo

328 4527 487 4590 interdum
508 4550 654 4592 numerus
678 4529 788 4591 horum
811 4537 936 4614 superet
958 4550 1075 4606 eorum,
1100 4527 1154 4612 qui
1174 4527 1289 4593 maturi
1311 4528 1373 4592 sint
1397 4527 1554 4593 declarati.

318 4659 322 4666 ·
417 4632 445 4695 3.
470 4631 532 4694 Pro
563 4632 738 4716 theologiae
769 4633 871 4698 studio
894 4642 947 4698 aut
970 4631 1163 4713 ,Facultates
1185 4633 1385 4720 theologia&
1416 4643 1471 4699 aut
1506 4634 1674 4718 ,luctuum
1697 4633 1776 4700 theo·

330 4735 431 4822 lopiac
460 4735 657 4802 dioecesana
689 4747 771 4800 sunt.
829 4736 1027 4803 Professores
1057 4738 1193 4803 efundo
1216 4738 1390 4803 studiorum
1411 4739 1585 4805 mercedem
1607 4736 1775 4825 accipiunt,

331 4841 380 4904 cui
403 4865 421 4904 a
443 4839 539 4905 fundo
562 4840 721 4926 religionis
743 4840 923 4907 restituitur.
974 4843 1190 4908 Professorum
1212 4843 1381 4908 nominatio
1404 4843 1507 4930 quoad
1529 4843 1668 4906 instituta
1690 4841 1776 4908 dioe-

331 4967 441 5013 cesana
463 4944 495 5008 in
510 4945 608 5010 libero
624 4943 862 5012 Ordinariorum
884 4957 929 5028 est
942 4948 1080 5030 arbitria,
1105 4971 1236 5034 quorum
1252 4969 1342 5031 porro
1357 4960 1412 5032 est,
1435 4946 1608 5014 studiorum
1623 4945 1775 5016 rationem
