3925 5609
1613 479 1647 532 7³

212 641 368 728 bergensis
391 639 550 730 (Hosiani)
581 663 598 704 a
628 641 803 708 consiliarie
833 641 985 710 catholieo
1013 650 1192 707 tractantur.
1237 635 1464 706 Universitates
1485 635 1588 703 Bona.
1617 645 1649 702 et

218 747 377 814 Vratislnv.
400 745 439 812 de
456 747 529 833 jure
545 769 642 834 pares
663 746 817 812 habentur
847 747 878 836 [i.
901 770 924 813 c.
953 760 1016 812 tam
1039 746 1118 811 cath.
1143 768 1236 832 quam
1259 765 1369 828 evang.
1391 742 1501 808 doecre
1524 752 1555 808 et
1576 764 1648 830 pro·

210 854 336 918 sessores
358 851 478 916 institui
500 850 661 940 possunt],
694 850 851 932 Halteras,
886 851 1089 940 Itepiomoat„
1122 847 1352 938 Grypbiswald.
1375 847 1566 935 evangelicae
1594 847 1648 912 ha-

210 958 333 1039 bentur3
366 956 405 1022 de
428 955 636 1023 Baralieeasis
664 955 881 1038 ,charactere“
914 967 1057 1023 certatur.
1102 955 1183 1020 Vide
1214 955 1252 1020 de
1281 955 1340 1018 bac
1368 976 1403 1019 16
1431 952 1544 1018 libros:
1589 951 1648 1018 Be-

209 1063 368 1150 leacbtuap
390 1061 445 1127 der
466 1061 592 1127 Partem
614 1061 646 1125 in
669 1060 826 1127 Preussen
847 1061 903 1126 aui
926 1061 998 1127 dem
1020 1059 1154 1128 Gebietc
1182 1060 1236 1123 dos
1266 1059 1370 1123 hohen
1399 1057 1462 1122 und
1492 1057 1648 1122 mittleren

208 1166 413 1234 Unterrichts.
458 1165 615 1251 Freiburg
637 1165 656 1231 i.
679 1163 715 1231 B.
741 1167 851 1248 1862,
886 1165 1087 1252 Dealcscbrtjt
1109 1165 1185 1230 tiber
1208 1163 1258 1229 die
1279 1161 1401 1226 Paritttt
1429 1184 1471 1227 an
1492 1161 1548 1227 der
1569 1161 1648 1230 Uni·

207 1271 331 1339 versitttt
353 1271 387 1337 in
408 1271 511 1337 Bona.
555 1269 658 1336 Freib.
680 1269 701 1336 i.
724 1269 762 1334 B.
787 1272 880 1337 1862.

291 1431 320 1496 9.
351 1428 400 1495 Da
421 1428 529 1495 scholis
550 1425 753 1494 asserendas
776 1428 861 1516 leges
884 1428 1112 1518 provinciarum
1141 1426 1224 1491 inter
1251 1448 1284 1491 66
1307 1423 1464 1496 differunt.
1508 1423 1548 1488 In
1576 1444 1647 1510 pro·

205 1533 304 1598 vincia
326 1533 432 1599 Rheni
463 1531 573 1622 (dioec.
597 1531 723 1613 (161611,
754 1531 872 1599 Treuir.
903 1544 934 1599 et
963 1556 1036 1622 pars
1058 1533 1221 1619 Morosa),
1252 1538 1283 1596 et
1313 1529 1492 1611 Borussiaa,
1523 1549 1602 1617 quae
1631 1549 1648 1592 6

205 1637 433 1704 fundationibus
472 1637 615 1704 sustineri
653 1647 813 1724 nequeunt
849 1638 1005 1726 impensae
1041 1662 1059 1702 a
1096 1636 1363 1702 communitatibus
1401 1635 1543 1700 civilibus
1576 1644 1648 1698 sunt

205 1741 371 1824 faciendae,
408 1742 440 1807 in
470 1741 620 1808 Berussia
656 1741 824 1807 secundum
853 1741 1078 1809 ordinationem
1115 1740 1210 1806 schol.
1240 1764 1266 1805 a.
1298 1742 1390 1807 1847.
1444 1739 1533 1805 Anni
1563 1739 1648 1803 1848

204 1857 330 1913 eventus
354 1847 590 1936 impediverunt,
614 1847 777 1934 quominus
800 1846 877 1911 illud
899 1847 1086 1935 principium
1108 1847 1139 1910 in
1161 1845 1293 1932 singulis
1315 1845 1545 1933 provinciarum
1567 1842 1648 1908 ordi-

203 1951 378 2017 nationibus
418 1950 561 2018 soholast.
588 1961 782 2016 statueretur.
844 1951 908 2020 Ubi
949 1951 1184 2016 communitates
1225 1974 1332 2017 omnes
1373 1973 1525 2038 expensas
1564 1950 1647 2012 ferre

202 2067 379 2144 nequeunt,
412 2057 563 2122 aerarium
586 2056 756 2122 subsidium
779 2057 915 2145 praebet.
960 2057 1050 2136 Quae
1072 2057 1171 2122 titulis
1201 2056 1384 2144 specialibus
1415 2056 1557 2120 nituntur
1584 2052 1647 2139 pri·

203 2171 344 2226 vatorum
369 2161 572 2248 obligationes
594 2159 665 2247 lege
687 2184 750 2227 non
772 2163 910 2227 sublatae
932 2174 1012 2228 sunt
1057 2163 1095 2227 ln
1118 2162 1246 2248 reliquis
1268 2160 1437 2251 provinciis
1460 2158 1578 2224 obtinet
1595 2159 1646 2245 jus

202 2265 396 2332 borussicum
427 2264 529 2354 (Allg.
559 2265 674 2334 Landr.
705 2267 763 2332 Th.
794 2267 835 2334 11.
866 2267 927 2333 Tit.
957 2268 1033 2349 XII,
1065 2267 1246 2355 pracsertim
1274 2271 1321 2351 ἓξ.
1351 2268 1394 2333 29
1424 2265 1525 2352 sqq.),
1564 2262 1648 2350 quod

203 2370 326 2453 statuit,
357 2381 393 2435 ut
413 2379 623 2438 sustententur
653 2395 693 2438 ex
724 2371 856 2438 collectis
887 2397 904 2438 a
932 2371 1163 2461 possessoribus
1192 2371 1389 2460 praediorum
1418 2368 1582 2450 faciendis,
1616 2377 1647 2432 et

202 2474 378 2542 mercedem
407 2475 558 2576 postulari
596 2485 686 2542 vetat.
745 2476 807 2542 Ast
842 2501 960 2544 merces
996 2478 1207 2567 praeceptoris
1243 2476 1312 2544 iere
1349 2475 1464 2563 ubique
1501 2472 1646 2560 exigitur.

202 2579 382 2646 Permultae
405 2581 647 2664 communitates,
669 2585 852 2671 praesertim
875 2607 992 2672 magua
1013 2584 1147 2673 oppida,
1177 2582 1349 2648 voluntarie
1370 2581 1411 2646 ad
1432 2576 1646 2646 sustentandas

203 2684 325 2749 scholas
362 2708 395 2752 66
433 2685 663 2773 obligaverunt,
700 2686 725 2751 it
772 2711 865 2770 vero,
899 2699 934 2755 ut
962 2689 1148 2777 regulariter
1178 2697 1298 2753 tantum
1327 2685 1447 2753 scholas
1478 2685 1543 2771 ejus
1573 2705 1646 2748 con-

200 2788 345 2854 fessionis
375 2789 564 2873 sustineant,
606 2813 684 2878 quae
713 2791 861 2877 majorem
890 2793 998 2882 populi
1027 2803 1147 2884 partem
1177 2803 1334 2875 numerat,
1375 2791 1476 2857 minor
1502 2812 1576 2877 pars
1606 2786 1646 2851 ad

200 2893 329 2960 alterius
359 2895 456 2983 partis
486 2895 606 2960 scholas
637 2896 824 2977 contribuat,
853 2899 994 2986 proprias
1024 2920 1099 2964 vero
1127 2899 1192 2966 suis
1221 2898 1369 2986 impensis
1397 2903 1547 2962 sustentet
1574 2894 1594 2957 i.
1617 2915 1645 2960 e.

201 2999 333 3088 duplum
355 3000 464 3066 solvat.
508 2999 594 3081 Lex,
619 3023 697 3086 quae
720 3013 826 3067 contra
848 3001 941 3068 talem
962 3003 1157 3091 iniquitatem
1180 3003 1351 3069 remedium
1371 3000 1527 3090 praebeat,
1550 2999 1645 3063 deest.

209 3147 215 3156 ⁸
285 3137 423 3224 Scholae
444 3156 578 3242 majores
601 3178 618 3222 6
639 3158 739 3222 reditu
762 3159 918 3224 bonorum
947 3160 1144 3248 propriorum
1167 3168 1198 3224 61
1226 3159 1363 3224 subsidio
1386 3156 1574 3246 reipublicae
1596 3154 1645 3220 vel

200 3259 430 3326 communitatis
452 3271 670 3327 sustentantur.
716 3263 778 3344 Qui
801 3263 920 3330 scholas
942 3266 1083 3347 sustinet,
1112 3265 1297 3353 plerumque
1315 3265 1367 3349 jus
1390 3261 1528 3350 eligendi
1551 3269 1644 3347 atque

198 3364 384 3430 instituendi
405 3365 570 3452 magistros
592 3365 693 3432 habet.
1083 3367 1089 3383 ⁸

285 3521 379 3602 Quae
409 3521 570 3611 hucusque
599 3523 740 3611 exposita
767 3535 847 3606 sunt,
882 3534 996 3590 statum
1025 3525 1071 3590 rei
1100 3525 1303 3591 scholasticae
1331 3524 1484 3590 actualem
1506 3525 1645 3612 apprime

197 3625 388 3694 describunt.
431 3626 494 3692 Hic
515 3650 588 3694 vero
611 3627 711 3693 minus
726 3629 849 3716 legibus
865 3652 958 3718 quam
974 3630 1219 3696 ordinationibus
1236 3640 1267 3696 61
1282 3630 1438 3717 principiis
1454 3629 1644 3695 administra-

196 3731 290 3797 tionis
314 3731 433 3798 uititur.
486 3731 683 3800 Generaliter
713 3733 773 3798 dici
795 3757 857 3800 non
878 3744 996 3828 potest,
1025 3735 1058 3799 in
1087 3735 1247 3800 tractanda
1278 3758 1314 3801 re
1336 3735 1518 3800 scholastica
1540 3734 1644 3798 catho-

195 3835 328 3902 licorum
352 3847 383 3902 et
408 3837 657 3926 evangelicorum
681 3838 911 3905 difformitatem
934 3863 1009 3906 6666.
1052 3839 1138 3904 Num
1160 3841 1211 3905 lex
1235 3839 1274 3906 de
1296 3840 1402 3905 haere
1417 3838 1645 3927 promulganda

196 3941 325 4008 easdem
347 3951 496 4030 sequatur
518 3943 662 4026 rationes,
687 3945 853 4031 quaeritur.
898 3944 988 4010 Duae
1009 3945 1091 4009 inter
1112 3967 1145 4010 66
1167 3945 1340 4032 confligunt
1361 3944 1521 4032 opiniones
1544 3943 1644 4008 diver-

195 4047 345 4112 sissimae.
401 4047 467 4111 Alii
491 4047 663 4131 intendunt,
698 4059 734 4114 ut
763 4059 869 4116 exacta
900 4059 1071 4137 mutuaque
1104 4049 1273 4136 aequalitas
1305 4049 1385 4114 adsit
1417 4060 1448 4116 et
1483 4049 1645 4135 utriusque

196 4150 348 4216 ecclesiae
381 4151 428 4215 vis
452 4151 483 4215 in
507 4151 645 4216 scholam
677 4152 749 4241 lege
781 4155 850 4243 ipsa
883 4153 1098 4237 confirmatum
1131 4155 1184 4219 alii
1216 4155 1310 4219 talem
1343 4158 1406 4223 vim
1441 4154 1644 4220 necessariam

195 4255 326 4344 quidem
349 4277 417 4321 esse
439 4255 584 4337 fatentur,
618 4256 672 4322 sed
695 4279 763 4323 eam
785 4259 855 4346 lege
877 4257 944 4346 ipsa
973 4259 1091 4325 firmari
1112 4259 1230 4341 nolunt,
1267 4283 1379 4346 quum,
1412 4259 1472 4325 nisi
1505 4258 1644 4339 ecclesia,

195 4383 276 4448 quae
311 4358 419 4424 civitas
453 4360 598 4449 postulet,
632 4362 780 4427 concedat
813 4373 845 4430 et
879 4363 980 4446 „ultra
1002 4365 1150 4430 terminos
1178 4365 1428 4453 progrediatur“,
1461 4373 1557 4429 totam
1578 4385 1643 4427 rem

194 4465 415 4532 scholasticam
437 4465 497 4532 soli
519 4465 709 4554 reipublicae
731 4467 770 4533 de
787 4469 860 4555 jure
882 4467 1018 4558 legeque
1041 4469 1142 4535 addici
1163 4469 1294 4536 malunt.
