3925 5609
1628 473 1662 531 13

202 641 422 718 agnoscuntur
455 639 486 696 01
514 623 688 696 testimonia
715 653 774 722 pro
805 629 873 699 foro
907 629 991 700 civili
1020 627 1122 699 valida
1151 627 1235 718 dant,
1265 628 1432 721 magistros
1455 630 1662 700 Ministerium

203 735 352 800 nominat
373 758 412 802 ex
438 734 486 818 iis,
510 759 588 823 quos
611 736 760 826 Superior
782 738 936 825 regularis
958 739 1115 828 proponit.
1172 737 1231 804 His
1257 740 1310 826 jus
1339 749 1386 806 cst
1415 762 1467 806 eos
1496 741 1537 806 ad
1558 763 1663 806 mona·

204 842 339 906 sterium
360 840 541 909 revocandi.
585 841 704 908 Merces
726 843 759 908 in
783 843 890 932 paucis
913 845 952 908 ab
975 843 1095 910 serario
1117 843 1218 925 datur,
1240 845 1407 932 pleraeque
1429 845 1530 910 asolo
1553 845 1662 910 ordine

205 955 431 1012 sustentantur.
476 945 651 1035 Episcopus
674 947 852 1014 missionem
874 947 1057 1034 religionem
1081 947 1212 1014 docendi
1235 949 1363 1014 confert.

298 1053 327 1118 2.
344 1049 519 1138 Gymnasia
534 1049 654 1116 laicalia
670 1053 726 1117 sub
742 1051 808 1118 sola
821 1051 991 1119 directione
1004 1053 1097 1141 (resp.
1109 1052 1277 1140 Gubernii)
1295 1053 1459 1118 Ministerii
1475 1064 1555 1135 sunt,
1571 1053 1661 1142 Epis·

206 1155 297 1243 copis
319 1163 414 1219 restat
431 1155 483 1240 jus
506 1155 690 1242 designandi
713 1157 902 1223 catechetam
932 1167 963 1222 et
995 1158 1158 1223 ordinandi
1184 1159 1444 1232 0000001000ήο00,
1480 1159 1533 1245 qui
1555 1181 1661 1224 ornnes

205 1261 359 1325 lectiones
388 1259 541 1346 inspicere
574 1271 685 1348 potest,
719 1284 759 1327 ne
785 1261 861 1350 quid
894 1262 1035 1349 dogmati
1069 1273 1101 1327 et
1123 1263 1258 1327 moribus
1290 1263 1450 1330 catholicis
1473 1264 1662 1330 contrarium

207 1364 368 1447 doceatur,
402 1363 498 1429 libros
521 1365 655 1453 denique
677 1365 908 1453 praescribendi
929 1387 988 1454 pro
1010 1366 1173 1453 religionis
1197 1367 1346 1433 doctrina.
1391 1366 1456 1436 Sed
1479 1368 1583 1456 quoad
1607 1368 1661 1433 hos

206 1468 309 1534 libros
333 1467 552 1558 episcoporum
573 1469 702 1534 consilia
725 1471 901 1536 communia
925 1471 1112 1536 intervenire
1135 1471 1258 1537 debent.

299 1573 329 1637 3.
363 1571 514 1638 Catholici
543 1573 673 1658 juvenes
709 1595 745 1640 ea
779 1585 899 1642 tantum
922 1576 1088 1663 gymnasia
1119 1586 1150 1640 et
1178 1577 1299 1641 scholas
1328 1578 1429 1642 reales
1461 1579 1661 1663 frequentare

208 1677 339 1760 debent,
362 1699 442 1764 quae
465 1678 630 1766 magistros
652 1679 772 1745 habent
794 1681 974 1746 catholicos.

299 1783 329 1846 4.
365 1782 420 1846 Ad
452 1781 509 1848 has
543 1783 664 1850 scholas
706 1785 914 1874 inspiciendas
956 1785 1155 1850 nominantur
1187 1808 1207 1849 a
1245 1784 1420 1851 Ministerio
1464 1785 1662 1868 ,Consiliarii

209 1887 420 1952 scholarum.“

300 1995 329 2056 5.
353 1991 482 2058 Salaciae
504 1993 697 2060 elementares
719 2004 791 2059 sunt
814 1995 844 2082 0)
868 1994 1035 2077 normales,
1066 1995 1096 2058 b.
1119 1993 1265 2082 capitales
1288 1993 1469 2080 (puerorum
1493 2003 1524 2059 et
1545 1993 1661 2080 puella-

209 2121 291 2179 rum,
316 2107 370 2162 aut
392 2098 482 2163 unius
506 2099 643 2186 generis)
667 2100 697 2188 c)
714 2099 861 2188 capitales
885 2109 916 2164 ct
937 2098 1037 2164 reales
1052 2099 1224 2182 inferiores,
1247 2097 1281 2184 d)
1298 2098 1443 2186 capitales
1458 2099 1660 2185 parochiales,

210 2203 241 2287 0)
266 2201 414 2267 triuiales.

300 2308 329 2370 6.
352 2305 497 2393 Magistri
520 2317 574 2373 aut
607 2309 640 2396 0)
663 2308 804 2396 magistri
828 2308 1020 2398 (magistrae)
1043 2307 1118 2390 veri,
1154 2317 1207 2373 001
1239 2308 1273 2394 b)
1296 2306 1354 2372 soli
1378 2318 1590 2394 cooperatores
1613 2308 1661 2372 vel

211 2411 242 2498 c)
265 2411 469 2498 submagistri
491 2420 571 2476 sunt.
945 2421 951 2438 ¹

301 2516 330 2581 7.
361 2514 497 2584 Scholae
528 2517 734 2583 elementares
757 2526 811 2582 aut
847 2519 879 2605 0)
901 2539 919 2582 0
938 2516 1038 2582 fundo
1069 2516 1212 2604 generali
1243 2515 1575 2606 (Narmalschulfond),
1608 2526 1662 2582 aut

212 2621 245 2708 b)
269 2643 288 2683 a
311 2621 539 2703 communitate,
574 2631 626 2686 aut
657 2622 687 2709 c)
710 2645 728 2685 a
750 2632 883 2710 patrono
907 2630 939 2687 01
968 2621 1189 2687 communitate
1211 2630 1434 2687 sustentantur.

301 2727 330 2790 8.
353 2723 465 2813 Usque
494 2727 534 2791 ad
556 2749 582 2791 a.
608 2728 692 2792 1864
721 2727 887 2815 parochiae
918 2737 1066 2815 patronus
1089 2727 1223 2814 exlege
1253 2736 1320 2793 erat
1349 2726 1474 2792 scholae
1502 2737 1660 2814 patronus.

213 2829 351 2916 Legibus
373 2830 616 2917 provincialibus
639 2833 829 2918 generaliter
851 2831 966 2919 ubique
984 2833 1037 2918 jus
1058 2840 1239 2920 patronatus
1262 2832 1480 2898 scholasticum
1495 2831 1561 2897 solo
1583 2830 1661 2919 legis

212 2936 305 3000 titulo
327 2935 488 3001 fundatum
514 2947 560 3003 est
582 2937 741 3002 abolitum.
786 2937 852 3005 Ubi
875 2937 942 3002 aliis
965 2935 1062 3000 titulis
1085 2934 1203 3018 nititur,
1226 2937 1320 3023 viget.

300 3039 364 3106 Pro
395 3040 503 3107 schola
533 3053 663 3109 vacante
686 3043 800 3107 triviali
829 3042 911 3107 intra
934 3042 1106 3106 districtum
1133 3041 1301 3107 scholarem
1336 3040 1546 3130 (decanatum)
1581 3039 1661 3105 (lon-
1771 3099 1774 3104 .

214 3167 321 3210 cursus
353 3146 509 3211 indicitur.
566 3147 687 3213 Tabula
717 3146 965 3214 concurrentium
996 3146 1162 3232 dignorum
1185 3168 1203 3210 a
1226 3147 1344 3212 decano
1373 3147 1507 3210 traditur
1528 3157 1662 3234 patrono

214 3251 263 3316 vel
294 3251 514 3320 communitati.
560 3252 662 3333 Quem
693 3253 743 3317 hic
764 3252 984 3341 praesentavit,
1019 3251 1056 3333 ei,
1089 3251 1114 3317 si
1138 3247 1250 3338 agatm·
1279 3251 1318 3316 de
1342 3252 1490 3337 magistro
1512 3251 1661 3316 inferiore

213 3355 265 3420 vcl
287 3366 494 3444 cooperatore,
517 3357 556 3420 ab
578 3358 647 3448 1000
670 3358 793 3437 decano,
817 3357 843 3422 si
867 3369 977 3444 agatur
1000 3355 1040 3421 de
1061 3379 1135 3421 vero
1151 3356 1300 3443 magistro
1323 3357 1459 3444 (scholae
1476 3355 1661 3443 parochialis

213 3462 278 3526 sive
313 3461 430 3548 filialis)
464 3463 502 3527 ab
525 3461 695 3529 Ordinario
729 3461 964 3552 (Consistorio),
998 3461 1140 3548 magistri
1172 3462 1330 3526 decretum
1354 3461 1453 3525 datur.
1513 3461 1660 3527 Ceterum

213 3576 361 3654 patronus
384 3567 666 3655 praesentationem
689 3566 836 3634 directam
860 3567 934 3633 dare
956 3576 1068 3658 potest,
1090 3587 1151 3654 qua
1172 3566 1309 3631 munitus
1331 3566 1512 3631 candidatus
1534 3588 1568 3630 se
1591 3587 1661 3628 cou-

214 3671 334 3736 sistorio
357 3681 542 3758 praesentet.

301 3775 355 3840 At
379 3776 533 3860 ,scholam
555 3777 719 3864 capitalem
734 3777 887 3865 parocb.“
912 3784 1063 3864 patronus
1085 3785 1270 3863 praesentat,
1295 3775 1496 3842 Gubernium
1518 3796 1661 3863 praeseu-

215 3881 364 3947 tationem
390 3881 450 3964 ,ad
466 3881 672 3968 cognitionem
684 3881 966 3948 confirmatoriam“
985 3879 1104 3967 recipit,
1120 3880 1345 3947 Oonsistorium
1362 3881 1520 3947 decretum
1535 3879 1662 3944 confert.

215 3987 394 4052 Directores
417 3987 509 4074 hujus
531 3987 656 4054 scholae
676 4010 734 4078 pro
757 3985 866 4073 regula
889 3995 961 4052 sunt
984 3985 1138 4073 parochus
1162 4009 1232 4052 cum
1254 4010 1319 4052 uno
1343 4007 1360 4052 0
1383 3984 1548 4070 magistris.

302 4091 365 4156 Pro
398 4091 512 4157 scholis
545 4115 619 4158 vero
656 4093 842 4180 capitalibus
875 4100 1025 4178 patronus
1059 4102 1091 4154 et
1123 4091 1339 4158 consistorium
1370 4099 1571 4179 praesentant
1600 4089 1664 4155 voti

217 4195 318 4262 modo.
353 4195 550 4264 Gubernium
573 4219 684 4262 munus
708 4197 829 4264 confert
851 4207 883 4262 01
905 4195 1064 4262 decretum
1086 4196 1221 4284 expedit.
1253 4196 1343 4262 Idem
1366 4205 1412 4259 est
1434 4195 1472 4261 de
1492 4195 1663 4260 Directore.

302 4301 342 4365 In
364 4301 478 4368 scholis
502 4301 743 4368 elementaribus
766 4303 805 4369 de
828 4303 900 4388 lege
931 4300 1084 4389 parochus
1112 4301 1297 4386 religionem
1319 4299 1422 4381 tradit,
1452 4302 1539 4387 cujus
1562 4299 1665 4364 lectio·

217 4427 272 4472 nes
306 4406 452 4493 magistri
489 4417 643 4496 repetunt.
708 4406 815 4487 Quum
849 4429 924 4472 vero
959 4426 1109 4494 persaepe
1147 4416 1275 4493 propter
1306 4427 1456 4490 magnum
1489 4406 1666 4471 scholarum

218 4510 356 4574 filialium
380 4533 543 4578 numerum
565 4513 626 4579 boc
647 4512 715 4578 ficri
737 4535 800 4578 non
823 4511 930 4601 possit,
953 4509 1090 4598 parocho
1111 4511 1313 4599 approbante,
1339 4510 1481 4598 magistri
1503 4509 1574 4575 laici
1594 4510 1665 4575 reli-

218 4617 342 4703 gionem
365 4616 498 4684 tradunt

302 4719 401 4809 Apud
423 4721 542 4786 scholas
566 4720 713 4811 capitales
736 4720 880 4809 proprius
902 4730 949 4786 est
972 4719 1138 4801 catecheta,
1162 4741 1255 4808 quem
1277 4719 1461 4788 Ordinarius
1483 4718 1624 4784 instituit.

304 4825 454 4914 Iaspectab
486 4827 661 4893 scholaram
694 4827 864 4892 trivialium
898 4836 929 4891 01
958 4825 1185 4914 parochialium
1218 4825 1308 4913 capit.
1347 4825 1382 4890 fit
1414 4848 1470 4912 per
1502 4822 1666 4912 parochos,

220 4930 332 5021 quibus
365 4930 462 4998 additi
490 4943 563 5000 sunt
592 4931 631 5000 de
652 4932 763 5021 regula
786 4932 979 5020 inspectores
1012 4929 1083 4996 laici
1113 4954 1132 4996 a
1160 4929 1378 4996 communitate
1408 4928 1508 4996 electi.
1563 4927 1667 5016 Supra
