3925 5609
585 1731 1175 1818 Pontianum.

780 2033 987 2046 m

263 2237 471 2308 Accua-atam
501 2243 606 2310 status
634 2234 840 2310 dioecesium
869 2233 999 2307 habere
1026 2236 1176 2308 notitiam
1195 2237 1315 2308 summi
1333 2257 1412 2309 esse
1431 2235 1607 2324 momenti,

152 2359 194 2449 si,
225 2379 316 2453 quae
345 2357 426 2430 inde
455 2361 593 2432 veniant
619 2357 809 2449 commoda,
838 2356 1129 2448 consideraveris,
1157 2358 1266 2430 statim
1294 2357 1477 2450 intelliges.

260 2478 368 2554 Certo
398 2482 523 2552 certius
552 2487 617 2570 est„
653 2479 808 2572 singulas
837 2477 1017 2552 dioeceses
1045 2499 1230 2573 earumque
1263 2454 1492 2550 conditionem
1519 2479 1609 2548 inter
1665 2492 1668 2497 ’

153 2623 191 2673 se
219 2604 376 2672 maxime
413 2599 566 2691 differre,
610 2603 686 2674 sive
720 2599 879 2692 formam,
920 2610 956 2672 ut
981 2603 1027 2672 ita
1055 2599 1178 2692 dicam„
1219 2602 1430 2673 exteriorem
1458 2607 1608 2695 spectes„

153 2724 229 2796 sive
272 2724 381 2796 vitam
422 2726 603 2794 internam.
673 2720 727 2794 Ad
768 2723 829 2796 has
864 2721 1082 2796 diversitates
1119 2732 1215 2795 recta
1248 2719 1494 2796 discernendas
1538 2741 1606 2792 non

153 2843 292 2934 sufficit„
316 2849 352 2916 in
380 2853 538 2940 promptu
566 2865 645 2917 esse
674 2864 736 2918 eos
764 2865 941 2935 numeros„
967 2847 1023 2939 qni
1052 2844 1302 2940 quodammodo
1320 2846 1365 2915 ita
1385 2843 1608 2916 circumscri-

154 2963 238 3037 bunt
256 2966 454 3055 dioeceses
483 2974 519 3036 ut
537 2965 857 3037 mathematicorum
877 2987 972 3038 more
993 2968 1145 3039 construi
1173 2968 1313 3062 possint.
1361 2964 1607 3058 Quaecumque

153 3089 187 3156 in
216 3089 325 3184 ipsam
354 3088 459 3159 vitam
479 3087 747 3161 ecclesiasticam
768 3090 839 3161 vim
864 3088 1012 3183 aliquam
1033 3097 1226 3160 exercent:
1254 3090 1351 3179 situs,
1379 3087 1499 3157 relatio
1519 3087 1608 3157 inter

155 3209 341 3283 ecclesiam
370 3218 405 3280 et
430 3207 705 3305 rempublicam.
729 3231 892 3282 numerus
930 3219 965 3281 et
992 3210 1143 3282 conditio
1172 3209 1359 3282 incolarum
1387 3208 1430 3281 ab
1459 3208 1607 3282 ecclesia

154 3340 395 3426 separatorum
423 3333 496 3427 ipso
525 3331 694 3423 religione
723 3329 907 3404 christiana
934 3331 994 3405 uel
1023 3331 1259 3423 confessione,
1301 3331 1426 3403 relatio
1454 3330 1608 3402 elerico-

154 3473 237 3522 rum·
251 3461 286 3524 at
305 3438 519 3544 regularium
539 3454 648 3527 omnis
668 3441 872 3545 generislad
890 3453 1049 3552 populum
1069 3450 1235 3549 (laioost
1263 3453 1384 3524 relatio
1404 3453 1606 3526 clericorum

155 3595 261 3645 curae
290 3573 479 3648 animarum
507 3572 698 3646 deditorum
727 3573 870 3664 adeas,
899 3576 954 3668 qni
974 3572 1053 3649 aliis
1068 3574 1257 3668 iunguntur
1283 3572 1417 3665 officiis
1445 3595 1608 3676 numerus

156 3703 190 3766 et
217 3694 370 3767 conditio
393 3692 640 3767 baneiiciorum
668 3696 879 3791 aliorumque
908 3693 1112 3787 officioram,
1137 3698 1216 3789 jura
1244 3695 1417 3768 ordinaria
1437 3695 1608 3791 quemad-

158 3814 295 3888 modum
331 3824 388 3888 aut
419 3815 603 3890 secundum
635 3818 692 3909 jus
726 3836 907 3890 commune
944 3816 1055 3890 libere
1096 3828 1327 3890 exerceantur
1366 3826 1423 3889 ant
1461 3816 1609 3889 fortasse

157 3935 292 4028 legibus
321 3936 478 4012 civilibus
506 3937 753 4012 consuetudine
785 3940 916 4013 statutis
946 3938 1202 4035 particularibus
1240 3947 1460 4011 coarctantur
1485 3939 1546 4012 uel
1573 3941 1607 4009 in

158 4057 248 4131 lacto
278 4061 472 4131 minuantur
500 4061 724 4155 (praesertim
751 4063 786 4132 in
815 4058 1014 4134 ordinandis
1041 4061 1192 4152 clericis„
1220 4058 1442 4133 conferendis
1470 4058 1609 4132 heneti-

159 4180 233 4268 aiis,
263 4180 527 4255 administranda
551 4180 788 4274 jurisdictione
825 4182 1074 4273 ecclesiastica,
1116 4205 1200 4254 cura
1227 4203 1345 4254 rerum
1372 4182 1607 4277 temporalium

160 4301 318 4390 geronda
347 4305 456 4393 cet.]:
484 4303 545 4376 has
573 4303 791 4399 reliquasque
807 4303 979 4396 ejusmodi
996 4325 1054 4377 res
1073 4303 1161 4376 haud
1190 4307 1355 4398 ignorare
1375 4325 1451 4376 eum
1471 4305 1608 4375 omnino

161 4431 340 4517 oportere,
381 4423 508 4518 quide
536 4433 624 4498 statu
652 4425 836 4516 ecelesiae,
879 4427 986 4520 qualis
1010 4429 1044 4498 in
1079 4427 1191 4521 aliquo
1227 4428 1392 4500 consistat
1419 4426 1608 4516 territorio,

158 4541 317 4632 judicare
352 4545 459 4637 velit,
492 4547 601 4642 primo
637 4555 771 4620 constat
805 4557 955 4643 aspectu.
1017 4548 1111 4622 Talis
1144 4551 1268 4622 etenim
1295 4546 1455 4644 proiecto
1490 4549 1609 4619 notitia

163 4664 274 4737 solum
302 4676 336 4738 at
363 4664 478 4740 valida
505 4667 622 4760 efficit,
650 4677 697 4760 ut
727 4691 893 4764 quaenam
921 4671 1107 4766 praecipue
1127 4673 1195 4744 sint
1214 4668 1405 4743 adhibenda
1424 4669 1466 4740 ad
1485 4678 1609 4744 statum

165 4783 333 4863 dioecesis
353 4787 533 4861 meliorem
551 4787 774 4888 reddendum,
801 4794 908 4887 possit
926 4790 1111 4884 dijudicari.
1166 4791 1255 4864 Nam
1275 4793 1304 4866 si
1322 4790 1609 4884 intellexerimus,

163 4902 291 4983 bonurn
327 4918 444 4984 cartae
481 4909 651 4986 dioecesis
678 4921 808 4988 'statum
835 4911 901 4986 dici
930 4933 1034 5009 possa,
1071 4923 1106 4995 et
1132 4915 1243 5012 qualis
1269 4917 1325 5006 sit,
1354 4916 1610 5010 comparatione

1387 5067 1406 5134 t

662 5271 694 5350 Ι
