3925 5609
1633 465 1660 517 v
1684 467 1687 481 ,

311 631 438 728 Itaque
479 655 553 706 rem
594 631 750 708 omnibus
791 634 1017 726 gratissimam
1058 631 1134 705 iore
1175 633 1314 727 opinor„
1369 650 1471 725 quum
1511 635 1660 712 ‚statum

200 757 375 828 cucumae
402 756 610 826 conotcou‘
638 753 745 828 edam.

313 877 356 952 ln
391 877 627 953 'describendo
668 887 755 952 statu
796 877 966 951 ecclesiae
1008 875 1197 947 catholicae
1243 875 1400 947 ductrice
1437 875 1659 964 ammonicae,

157 975 162 986 ⁴
201 1001 413 1086 Bornesiue,
441 1011 622 1072 ceterorum
648 1001 708 1070 sub
727 1001 1014 1090 confoederatione
1031 1001 1224 1085 cannono
1240 1000 1405 1069 unitorum
1421 997 1660 1068 territoriorum

202 1121 274 1192 hoc
304 1143 396 1217 opus
423 1143 461 1196 se
489 1124 669 1206 continet„
699 1119 753 1194 Ad
782 1121 1094 1194 reverendissimos
1121 1120 1240 1193 barum
1268 1119 1477 1195 dioecesium
1505 1117 1660 1197 Ordina-

204 1244 316 1316 riatus
346 1265 470 1339 preces
512 1243 626 1316 direxi
667 1252 745 1315 ante
786 1242 848 1316 hos
875 1239 959 1334 {tres
1001 1264 1108 1315 annos
1148 1245 1252 1313 enixa
1292 1263 1435 1336 rogans,
1479 1249 1517 1311 ut
1555 1241 1660 1311 certis

206 1363 470 1458 quaestionibus
510 1365 763 1461 responderent
798 1374 832 1436 et
857 1363 964 1439 libros
999 1363 1190 1456 hujusmodi
1216 1368 1404 1461 impressos
1435 1364 1516 1436 mibi
1542 1373 1659 1436 trans-

207 1487 400 1558 mitterent.
468 1486 565 1575 Quae
593 1489 713 1581 accepi
740 1507 825 1582 opus
854 1487 962 1558 offert.
1035 1487 1176 1582 Aliquot
1216 1490 1333 1561 curiae
1370 1487 1412 1560 ad
1439 1488 1659 1582 quaestiones

206 1610 408 1703 propositas
435 1611 480 1681 ita
509 1607 775 1704 responderunt
804 1616 840 1679 ut
857 1611 1060 1704 paucissima
1079 1613 1152 1701 jam
1171 1610 1398 1684 desideranda
1425 1612 1505 1701 sint,
1534 1610 1666 1703 aliquot
1776 1638 1780 1647 «

207 1738 355 1824 praeter
384 1731 578 1823 catalogum
608 1751 735 1826 paucas
762 1729 985 1803 resolverunt
1012 1735 1243 1826 quaestiones,
1277 1735 1445 1806 accuratis
1476 1731 1520 1804 de
1548 1753 1660 1826 quae·-

208 1851 386 1928 stionibus
425 1875 473 1926 ex
512 1852 681 1945 catalogis
707 1851 796 1925 baud
823 1850 1044 1926 resolvendis
1086 1857 1211 1928 notitiis
1247 1879 1360 1950 neque
1402 1855 1491 1952 apud
1517 1849 1660 1927 'curiam

208 1973 444 2048 existentibus
471 1997 583 2070 neque
609 1974 709 2047 brevi
745 1982 900 2069 tempore
936 1973 1115 2066 habendisq
1156 1977 1281 2072 aliquot
1311 2000 1417 2073 porro
1444 2001 1497 2067 re,
1525 1977 1660 2050 silentio

210 2095 352 2168 seilicet
379 2100 595 2192 interposita
624 2118 690 2169 una
718 2096 865 2191 denique
892 2095 1012 2170 verbis
1044 2101 1222 2194 expressis
1253 2101 1516 2195 inopportunum
1544 2097 1662 2170 duxe-

211 2225 307 2307 runt„
338 2218 429 2314 quod
457 2216 682 2291 intendebam.
737 2217 813 2290 Hoc
839 2218 973 2314 aliaque
1002 2217 1245 2292 dubitationem
1277 2220 1357 2292 mibi
1382 2243 1451 2294 non
1480 2222 1663 2294 attulerunt

213 2340 470 2431 consideranti,
512 2350 547 2414 ut
573 2339 695 2412 librum
723 2340 884 2429 ederem,
924 2339 1016 2412 unde
1044 2344 1192 2414 maxima
1221 2345 1370 2417 scientiis
1398 2353 1433 2415 et
1459 2345 1663 2439 praesertim

210 2464 281 2554 juri
310 2465 481 2534 canonico
511 2472 612 2558 atque
633 2461 828 2554 theologiae
856 2468 1087 2558 provenirent
1114 2465 1303 2538 commoda.
1358 2464 1444 2552 Quid
1471 2463 1663 2555 ambiguum

215 2606 297 2658 esse
326 2586 473 2681 potest?
527 2582 706 2657 Publicare
740 2605 903 2659 numeros
936 2587 1046 2659 omnis
1071 2589 1224 2678 generis,
1262 2588 1317 2682 qui
1344 2589 1467 2682 partim
1494 2610 1541 2659 ex
1568 2585 1665 2658 libris
1715 2605 1718 2612 ·

213 2707 370 2800 vulgatis
397 2710 517 2804 partim
547 2706 684 2779 aliunde
712 2708 859 2803 reperiri
886 2709 1061 2803 possuntt
1081 2707 1249 2782 lllinime.
1293 2708 1473 2780 Publicara
1501 2707 1664 2799 fortasse,

215 2839 380 2922 quantum
421 2851 561 2902 mensae
604 2830 832 2925 episcopales„
874 2829 1056 2921 dignitates
1097 2840 1131 2902 et
1174 2829 1394 2927 praebendae
1435 2830 1665 2921 canonicales,

214 2953 401 3024 seminaria
428 2949 578 3024 babeant
604 2951 764 3042 reditumq
797 2961 923 3048 quanta
952 2951 1118 3026 debeatur
1145 2975 1305 3024 camerae
1335 2952 1543 3048 apostolicae
1571 2962 1666 3044 taxa,

215 3083 341 3166 quanta
369 3073 518 3147 fortasse
546 3095 676 3146 summa
704 3097 724 3145 a
752 3073 928 3169 republica
958 3077 1140 3170 quotannis
1167 3075 1359 3149 solvatur?
1388 3082 1452 3147 cet.
1481 3083 1546 3146 cet.
1600 3073 1667 3146 Ubi

216 3215 310 3267 nova
341 3195 548 3274 dioecesium
577 3197 845 3292 circumscriptio
874 3198 988 3270 locum
1014 3195 1141 3288 habuit,
1169 3196 1235 3268 bae
1263 3219 1390 3273 omnes.
1410 3218 1483 3286 resq
1518 3205 1668 3290 excepta

216 3317 346 3408 ultima
370 3320 404 3390 in
419 3319 501 3413 ipsis
519 3315 617 3391 bullis
636 3321 892 3392 accuratissime
920 3322 1151 3408 continentum
1173 3317 1289 3390 bullae
1319 3340 1406 3390 vero
1432 3320 1565 3390 centies
1590 3326 1668 3390 sunt

217 3440 420 3536 impressae.
449 3439 526 3513 Hoc
541 3443 574 3511 in
592 3437 808 3514 dioecesibus
827 3440 1030 3531 borussiois„
1044 3440 1228 3528 bavaricis,
1243 3441 1419 3532 rhenanis
1437 3439 1668 3536 compluribus

218 3564 398 3636 austriacis
418 3561 570 3656 quadrat.
614 3561 739 3636 Ultima
761 3585 864 3653 vern
888 3585 988 3658 quarn
1012 3565 1107 3654 attigi
1131 3583 1219 3653 rem
1248 3585 1296 3634 ex
1313 3565 1446 3634 ratione
1465 3570 1667 3656 quaestuum

218 3692 253 3754 et
285 3686 545 3776 erogationum„
588 3707 675 3779 quae
707 3685 817 3777 vulgo
856 3685 995 3770 Budqet
1025 3685 1238 3780 appellaturq
1279 3683 1416 3780 publica
1456 3684 1668 3774 singularum

216 3806 390 3879 civitatum
418 3807 498 3880 sutis
526 3827 695 3901 superque
717 3807 842 3879 elucet.
897 3805 952 3880 Ex
980 3807 1047 3878 boc
1073 3809 1148 3901 ipso
1178 3804 1286 3894 fonte,
1324 3805 1412 3900 quod
1450 3807 1598 3900 pertinet
1625 3805 1668 3876 ad

218 3927 407 4017 Austriam,
436 3929 532 4019 cujus
561 3911 713 4024 episcopi
741 3937 775 4000 et
802 3929 949 4024 capitula
976 3929 1180 4023 plerumque
1207 3925 1359 4000 ditissimi
1390 3949 1469 4000 esse
1496 3935 1670 4022 putantur,

219 4047 247 4120 is
275 4048 410 4144 quidem
439 4071 633 4122 mensarum
662 4051 906 4146 episcopalium
928 4059 962 4122 et
988 4049 1213 4145 capitulorum
1230 4047 1358 4120 reditus
1386 4047 1514 4119 directe
1542 4047 1668 4152 patefit,

220 4173 275 4264 qui
303 4194 350 4246 ex
370 4171 476 4260 turtdo
500 4171 671 4256 religionis
697 4175 891 4269 percipitur.
955 4170 1157 4246 Ceterorum
1183 4193 1271 4243 vero
1300 4172 1539 4266 episcoporum
1570 4169 1671 4242 redi·-

220 4298 292 4384 tus‚
322 4316 422 4388 quum
450 4302 544 4365 certa
571 4293 614 4367 ad
642 4294 780 4367 fundum
818 4296 995 4387 religionis
1022 4300 1187 4389 percauta
1219 4292 1362 4365 solvere
1389 4301 1593 4383 teneanturq
1623 4315 1671 4364 ex

220 4418 391 4506 parcentis
429 4418 464 4487 in
503 4415 560 4486 illa
599 4415 1139 4509 ratione-Budget-annotatis
1167 4417 1201 4485 in
1228 4422 1357 4486 tantum
1387 4412 1508 4485 deduci
1544 4422 1669 4509 potest„

222 4546 379 4629 quantum
420 4536 630 4634 reipublicae
671 4561 718 4609 ex
757 4539 979 4628 fresonibus,
1018 4560 1104 4632 quae
1132 4545 1316 4626 vocanturq
1358 4537 1379 4606 i.
1408 4557 1439 4606 e.
1469 4559 1515 4606 ex
1542 4534 1670 4607 reditus
1711 4623 1714 4630 ,

222 4658 440 4733 confessione
468 4681 487 4732 a
516 4659 652 4751 singulo
680 4660 783 4749 iacta„
821 4669 964 4732 constat.
1020 4660 1114 4730 Idem
1144 4667 1197 4730 est
1231 4657 1273 4728 de
1301 4657 1518 4753 praelaturis.
1573 4658 1671 4728 Tan-

222 4784 288 4851 tum
316 4802 405 4854 vero
436 4777 546 4871 abest,
575 4789 611 4852 ut
639 4781 786 4854 ecclesia
814 4804 861 4854 ex
888 4782 1055 4854 redituum
1083 4803 1213 4855 summa
1232 4778 1402 4875 publicata
1430 4779 1672 4851 detrimentum

222 4905 345 4996 capiat
373 4911 409 4975 ut
436 4911 552 4975 eontra
582 4901 691 4978 falsae
718 4904 798 4976 illae
826 4905 1006 5000 opiniones
1027 4904 1069 4975 de
1087 4905 1262 4975 immensis
1289 4901 1459 4975 ecclesiae
1479 4900 1669 4972 catholicae
