3925 5609
337 462 386 520 ue

412 645 442 694 ,6
464 622 516 688 Ex
538 624 664 692 aerario
684 619 877 711 republicae
896 642 955 711 pro
976 619 1106 690 eeclesia
1128 621 1279 692 catholiea
1301 623 1379 692 nihil
1401 624 1501 696 datur.
1545 625 1676 698 Dotatio
1699 630 1774 720 epis·

330 739 457 818 oopatue
479 729 513 792 in
535 750 657 794 mmma
677 729 748 815 (pro
769 727 880 816 spise,
902 726 1055 815 capitulo,
1078 728 1205 812 semin,
1228 731 1461 818 mamerano
1482 737 1547 802 276
1568 735 1616 818 fl.‚
1650 739 1775 804 oaneell.
1813 783 1814 792 1

330 835 439 923 apso.)
461 836 579 901 areos
600 834 631 900 e
654 835 696 900 46
719 833 767 898 6.
788 842 852 915 aa,
886 832 927 898 aa
949 855 1043 921 quam
1065 833 1165 898 6666
1194 833 1302 900 evitas
1324 834 1521 904 6666666
1545 842 1641 906 seeo
1662 841 1694 908 fl.
1717 842 1781 922 66·
1813 823 1814 916 ξ

330 939 373 1004 ite
393 950 429 1004 ut
457 938 576 1005 aduae
597 939 729 1006 Nasson.
753 939 868 1004 16606
890 936 921 1008 fl.
943 940 986 1003 45
1009 938 1055 1003 kr.
1078 949 1200 1004 tantum
1222 940 1344 1006 dentur.
1384 945 1480 1009 6000
1501 944 1532 1010 fl.
1562 968 1597 1011 re
1619 968 1695 1014 vera
1716 969 1775 1011 non
1813 983 1814 1044 p

330 1046 453 1126 dantur,
469 1067 564 1133 quum
579 1046 766 1135 proveniant
782 1067 800 1112 e
815 1043 973 1111 benefieiis
989 1045 1217 1132 parochialibus
1233 1047 1367 1114 reditum
1385 1047 1577 1134 singularem
1592 1050 1773 1118 habentibus

329 1173 400 1215 oum
421 1149 608 1239 praebendis
630 1149 849 1240 capitularibus
864 1149 968 1216 unitis.
1006 1149 1139 1216 Restant
1159 1150 1257 1238 igitur
1282 1154 1458 1233 1060611,
1481 1174 1538 1240 pro
1561 1154 1674 1241 quibus
1697 1156 1773 1221 bona

329 1255 500 1322 immobilia
521 1277 601 1345 resp.
632 1277 741 1321 eamus
763 1255 862 1321 reales
883 1253 999 1341 aliique
1022 1255 1098 1320 oerti
1128 1256 1277 1344 assignati
1306 1267 1388 1324 sunt.
1432 1256 1562 1324 Reditus
1586 1261 1771 1326 verobona

328 1383 399 1427 rum
432 1383 471 1426 ex
492 1384 520 1426 a
545 1362 628 1427 1802
662 1359 873 1426 saecularisat.
907 1357 996 1446 (vide
1025 1358 1139 1426 librum
1172 1384 1273 1427 meum
1301 1384 1396 1452 supra
1430 1361 1557 1428 citatum
1590 1386 1664 1452 pag.
1690 1366 1770 1450 101),

329 1487 409 1553 quae
429 1465 523 1531 duees
543 1468 608 1531 saia
628 1465 783 1532 6166666166
803 1467 1088 1552 imperaverant,
1112 1487 1233 1532 annuus
1256 1476 1323 1532 erat
1345 1465 1528 1532 9050006
1572 1468 1636 1534 Illa
1657 1493 1771 1538 summa

332 1571 446 1636 10606
467 1569 498 1636 fl.
528 1568 669 1636 nondum
694 1573 744 1658 ll„
777 1569 842 1656 ejus
872 1568 991 1635 reditus
1012 1579 1076 1650 est,
1107 1589 1200 1656 quem
1225 1570 1318 1638 fiscus
1341 1570 1458 1638 ducalis
1482 1573 1641 1639 annuatim
1663 1597 1681 1640 e
1703 1575 1769 1640 solis

328 1673 521 1740 abbatiarum
543 1685 574 1740 et
594 1674 851 1742 monasteriorum
872 1673 1080 1740 saecularisat
1105 1674 1193 1740 bonis
1216 1674 1355 1764 percipit
1400 1675 1506 1744 Februa
1528 1677 1650 1744 (localia
1675 1679 1768 1768 („Do

329 1779 582 1871 mtnenfisous¹‘),
612 1780 666 1868 qui
687 1779 782 1868 plene
803 1789 959 1868 separatus
981 1788 1028 1846 est
1049 1802 1068 1844 a
1088 1777 1163 1844 fiseo
1185 1788 1286 1846 terrae
1311 1779 1587 1869 (,‚Steuerfiaeus“)
1620 1805 1662 1848 ex
1686 1785 1766 1849 titulo

253 1878 255 1883 ’
328 1885 451 1974 privato
480 1885 636 1970 obligabis
663 1895 711 1950 est
731 1885 772 1952 ad
793 1883 922 1950 ferenda
951 1907 1057 1966 onera,
1091 1906 1170 1973 quae
1192 1885 1266 1951 olim
1296 1885 1438 1951 instituta
1469 1886 1626 1974 regularia
1648 1889 1763 1975 aliaque

329 1990 511 2077 portabant,
532 2013 666 2077 quorum
687 1990 769 2057 bona
789 1988 959 2055 saecularia
981 1988 1104 2054 reddita
1125 1989 1154 2056 ai
1176 1989 1376 2078 incorporata
1398 2002 1480 2056 sunt.
