3925 5609
1603 467 1653 522 113

203 621 259 685 11.
292 617 366 688 Soc
408 618 506 688 dioec.
545 618 604 688 arti
644 618 830 690 christianae
868 620 978 690 dicata
1042 623 1093 690 12.
1125 621 1197 694 Soc
1236 644 1294 712 pro
1334 623 1535 692 restaumnds
1575 625 1651 692 eccl.

201 723 460 814 Metropolitana.

291 881 356 948 XL
392 881 610 963 Fundationes,
640 881 744 971 leqoto
758 885 822 974 pio
843 894 902 950 661.
946 884 1010 953 Pro
1038 908 1061 952 e.
1083 884 1241 973 sepmtro
1263 884 1415 953 Hiermol.
1437 883 1560 953 collecti
1582 895 1654 952 6661

200 1010 231 1052 6.
257 988 353 1067 1864,
376 986 407 1052 fl.
433 989 558 1070 12242,
580 997 741 1076 praeterea
762 991 784 1056 4
806 988 956 1056 collectae
977 989 1140 1077 generales
1161 1011 1218 1077 pro
1240 989 1441 1056 aedificandis
1463 988 1600 1057 ecclesiis
1623 989 1654 1055 in

199 1091 275 1156 aliis
304 1090 496 1158 dioecesibus
525 1092 649 1159 habitae
677 1103 759 1160 6661.
803 1093 867 1160 Pro
899 1093 1084 1160 domme.
1107 1092 1242 1160 Peto-ia.
1267 1096 1353 1161 1864
1382 1093 1498 1183 recepti
1520 1103 1593 1160 sunt
1614 1115 1654 1160 ex

198 1195 345 1262 collectis
369 1197 495 1278 17,861,
531 1197 826 1285 acmtfmtemitote
847 1196 880 1264 6.
903 1197 1066 1264 Michaelis
1086 1199 1184 1265 4666.
1214 1199 1236 1264 1.
1258 1223 1282 1265 a.
1306 1201 1424 1265 22518
1446 1197 1476 1264 fl.
1527 1197 1654 1264 chdo-

197 1302 299 1368 116666
332 1323 360 1365 a
395 1301 480 1366 1864
512 1323 569 1388 pro
599 1301 817 1368 anniversariis
849 1301 955 1369 aliisve
991 1301 1090 1368 missis
1123 1304 1183 1370 491
1220 1305 1319 1370 166166
1352 1314 1425 1369 6661
1454 1325 1523 1368 cum
1555 1303 1653 1370 fundo

200 1404 342 1472 140761
367 1405 399 1470 n
422 1403 594 1472 destinatae
614 1427 671 1494 pro
692 1409 756 1473 202
772 1405 926 1495 parochiis
942 1408 1014 1496 (pro
1029 1407 1182 1494 parochiis
1198 1405 1354 1474 Monachii
1369 1408 1434 1496 68).
1452 1445 1493 1456 —
1513 1410 1527 1473 1
1546 1407 1651 1474 benef.

197 1521 344 1574 erectum
366 1511 387 1574 2
410 1508 512 1577 66661.
534 1510 665 1576 fundata
686 1521 718 1578 61
739 1520 841 1578 erecta
863 1520 945 1592 aunt,
968 1511 989 1576 3
1013 1510 1116 1576 6111616
1137 1512 1395 1599 praedicatorum,
1417 1503 1652 1598 2exp0sitoroe

196 1637 274 1680 cnm
308 1613 500 1701 obligatione
528 1614 666 1681 scholam
698 1615 834 1699 tenendi,
867 1617 1016 1704 2expos.
1049 1614 1211 1682 curatiales
1242 1627 1369 1700 creatae,
1403 1618 1424 1683 6
1454 1615 1654 1681 dismembra-

196 1719 304 1784 tiones
328 1719 439 1786 factae.

866 1967 896 2048 e.
940 1965 992 2033 66.

517 2134 556 2208 Β.
597 2136 773 2206 mesmes
810 2134 1004 2222 Aoouatmeo
1043 2133 1338 2228 annosiora).

289 2373 406 2440 Erecta
433 2372 558 2438 saeculo
588 2372 666 2438 vlte
699 2382 841 2458 exeunte,
870 2373 1037 2440 saecularis
1062 2371 1183 2439 reddite
1211 2395 1238 2437 6
1270 2370 1363 2452 1803,
1394 2392 1451 2460 per
1473 2369 1651 2438 concordat.

193 2502 223 2544 a.
250 2479 350 2559 1817,
385 2477 470 2542 66116
504 2477 584 2560 „Dei
606 2500 643 2542 sc
664 2476 812 2545 Domini“
848 2479 1150 2547 61819666111616
1185 2476 1277 2544 etde
1307 2497 1388 2543 novo
1418 2475 1649 2562 circumscripta

192 2594 252 2648 est.
303 2579 481 2673 Episcopus

359 2713 607 2780 Pancratius
639 2711 809 2794 Dinkel‚
842 2722 904 2779 nat.
938 2716 967 2779 9.
1004 2712 1096 2780 Febr.
1133 2712 1227 2794 1811,
1263 2712 1330 2777 ord.
1362 2711 1413 2778 31.
1444 2711 1527 2797 Aug.
1554 2711 1646 2792 1834,

460 2817 621 2884 inthronis.
644 2819 696 2885 21.
718 2816 798 2885 Nor.
824 2817 917 2884 1858.

357 2947 488 3015 Mensa:
518 2949 634 3014 10.000
654 2948 684 3014 fl.
734 2947 826 3017 Toou
846 2973 1008 3018 conteras:
1038 2951 1103 3016 600
1123 2950 1155 3016 11.
1179 2972 1243 3016 aur.
1267 2979 1311 3008 =
1335 2949 1420 3016 3632
1442 2948 1473 3014 fl.
1498 2946 1545 3013 rh.

286 3105 315 3172 L
359 3104 453 3172 seca.
497 3105 538 3172 16
567 3103 694 3171 district
724 3104 865 3174 Gubern.
896 3105 1073 3175 Schwaben
1103 3117 1134 3174 61
1163 3106 1327 3192 Neuburg,
1358 3103 1510 3170 Bavariae
1544 3124 1647 3191 super.

189 3223 222 3277 61
247 3208 450 3276 Franconiae
472 3207 600 3276 mediae.

285 3339 331 3405 11.
375 3339 545 3420 Dividetur,
568 3339 596 3406 ai
619 3340 804 3407 adnumeres
826 3341 960 3409 civitatis
982 3342 1168 3408 decanatum
1190 3351 1221 3408 et
1243 3341 1524 3407 archidiaconatum
1546 3339 1579 3404 in
1601 3340 1644 3403 40

188 3447 376 3514 decanatus.
431 3444 551 3512 Deeani
583 3455 637 3511 661
669 3447 853 3535 aperochis
875 3447 964 3514 electi
1000 3457 1054 3514 661
1077 3447 1115 3512 sb
1139 3445 1308 3513 Ordinatio
1332 3443 1484 3520 nominati
1517 3445 1557 3508 ab
1586 3444 1645 3508 hoc

186 3554 266 3642 ipso
289 3549 503 3616 instituuntur.

283 3679 349 3746 111.
393 3680 499 3747 81666
519 3683 699 3746 animos-mn
721 3680 859 3768 (1863):
891 3678 982 3748 Ceth.
1006 3681 1154 3761 616947,
1178 3680 1292 3746 Acath.
1316 3680 1434 3748 70000
1456 3678 1496 3743 ed
1518 3678 1646 3761 80,000,

184 3785 463 3854 1661605300.

282 3914 632 3983 Neo-moonooicaotss
666 3915 953 3982 11000-12000.
1007 3913 1097 3982 Idem
1130 3937 1275 3982 numerus
1309 3913 1558 4002 confirmatorem
1590 3933 1647 4000 per

186 4043 317 4090 annum
338 4020 436 4103 61661,
458 4044 485 4086 a
510 4021 594 4087 1862
618 4019 862 4086 extraordinarie
887 4020 1011 4086 17531.

282 4123 487 4192 Matrimonia
509 4128 611 4192 66616
632 4134 705 4191 6661
726 4126 974 4208 conmeantes,
999 4147 1130 4212 quorum
1156 4127 1218 4190 100
1240 4148 1311 4191 cum
1333 4124 1454 4191 educat.
1476 4122 1644 4190 liberorum

187 4229 327 4313 cathol,
360 4230 402 4296 23
435 4253 505 4296 oum
538 4229 656 4297 educat
687 4239 742 4296 ant
774 4230 874 4296 mixta
902 4240 957 4295 aut
987 4230 1118 4296 6661161.
1147 4229 1274 4318 Reliqui
1302 4229 1422 4298 numeri
1444 4228 1542 4317 ignoti
1572 4238 1646 4294 sunt

186 4335 420 4408 Ordinmiatni.

280 4491 340 4558 IV.
386 4491 538 4558 Oleros.
582 4515 609 4557 a.
631 4490 796 4560 1661116616.
841 4493 871 4559 1.
901 4491 1055 4560 Seniano.
1071 4517 1244 4581 pomorano
1267 4492 1429 4581 Dillingee
1459 4491 1592 4583 (fundat
1614 4515 1644 4558 6.

128 4616 129 4631 ’
187 4598 295 4686 1861)
326 4619 398 4663 cum
418 4597 565 4685 Inspeot.‚
587 4595 692 4662 Praei.
714 4599 812 4663 6124
834 4597 976 4664 alumnis.

279 4705 312 4768 2.
341 4700 496 4770 Smenos.
524 4702 665 4770 61616616
693 4700 835 4791 (ibidem)
865 4702 1059 4791 6661166,
1092 4701 1226 4792 subreg.
1249 4713 1281 4770 et
1303 4704 1345 4769 39
1367 4701 1517 4784 6166616,
1551 4723 1638 4790 prae

185 4821 279 4876 terea
314 4805 347 4870 in
381 4805 514 4894 collegio
544 4806 663 4895 Georg.
692 4806 873 4874 Monacensi
903 4806 1023 4894 aliquot
1056 4807 1141 4894 (vide
1167 4809 1275 4897 supra)
1305 4807 1439 4876 61661661.
1483 4806 1638 4894 Theologi

185 4911 359 4998 Dillingne
390 4932 447 4999 per
478 4922 543 4978 tres
572 4933 672 4978 annos
704 4911 846 5001 Lyceum
875 4913 1085 5002 frequentem,
1118 4913 1207 5000 eujus
1234 4913 1327 4980 sectio
1359 4912 1497 5000 theolog.
1526 4912 1641 4976 66166

1413 5053 1431 5105 3

627 5171 633 5180 .
738 5080 752 5150 ly
