3925 5609
903 671 910 686 .
956 624 986 687 9.

714 751 771 818 De
795 626 911 840 [161116
935 751 1153 836 pennalibus.

139 1019 143 1024 Α
294 940 320 1006 Ι.
356 938 488 1006 Fundus
511 935 682 1023 religionis,
706 936 869 1023 famatam
891 945 938 1002 est
969 935 1065 1026 [decr.
1088 937 1149 1003 aul.
1175 939 1239 1023 (12.
1261 935 1349 1023 Jan.)
1372 937 1423 1002 28.
1447 934 1538 1002 Febr.
1563 937 1657 1018 1782,

204 1047 235 1112 7.
260 1045 333 1114 Jan.
358 1045 453 1126 1783,
489 1044 538 1109 18.
569 1041 748 1110 0611792
779 1039 850 1130 cet]
885 1063 903 1107 6
936 1041 1024 1106 bonis
1057 1041 1323 1124 monasteriorum,
1358 1041 1656 1124 confraternitatum,

204 1150 454 1232 canonicatuum,
487 1147 709 1214 beneficiorum
742 1144 938 1234 simplicium,
972 1146 1134 1213 feudorum
1168 1147 1275 1212 eccles.
1309 1146 1348 1212 ab
1383 1145 1575 1234 Imperatore
1603 1145 1658 1213 Jo-

203 1257 304 1346 sepho
338 1255 382 1320 II.
416 1263 448 1320 et
479 1261 587 1342 postca
619 1273 855 1339 suppressorum
887 1273 990 1339 neque
1022 1252 1078 1318 fini
1110 1252 1238 1341 speciali
1270 1251 1492 1334 dedicatorum,
1524 1251 1557 1316 in
1589 1252 1657 1317 dies

204 1374 340 1449 6696161
361 1361 393 1450 6)
416 1358 566 1424 fructibus
589 1356 823 1422 intercalaribus
845 1381 939 1446 supra
961 1363 988 1442 ξ.
1013 1359 1042 1422 5.
1065 1350 1150 1424 num.
1172 1362 1220 1440 5.;
1242 1356 1416 1444 6)·1116616
1439 1357 1657 1446 episcoporum

203 1465 360 1547 auxiliari,
383 1486 477 1553 supra
499 1469 526 1548 ξ.
543 1466 572 1528 6.
596 1485 679 1527 num.
702 1465 748 1543 2.;
772 1461 922 1550 claudam
945 1464 1061 1529 tributo
1077 1463 1224 1530 solvendo
1247 1461 1474 1528 amonastcriis
1497 1462 1656 1548 (abbatiis)

205 1572 259 1654 ita,
283 1580 318 1637 ut
339 1569 471 1656 singulis
495 1567 650 1634 decenniis
673 1566 828 1632 redituum
852 1577 883 1633 61
905 1591 1113 1657 expensarum
1136 1569 1231 1635 index
1246 1568 1405 1634 faciendus
1420 1568 1461 1633 sit
1476 1578 1507 1634 et
1522 1568 1658 1634 dodrans

204 1679 274 1766 ejus
305 1674 410 1764 partis,
445 1696 506 1762 qua
527 1671 645 1738 reditus
669 1693 822 1761 expensas
846 1683 979 1761 superat,
1012 1673 1059 1738 illi
1082 1674 1177 1739 fundo
1210 1674 1378 1757 tribuatur3
1411 1674 1446 1761 d)
1460 1673 1657 1768 specialibus

205 1781 358 1847 reditibus
382 1780 428 1867 (ut
450 1778 482 1842 in
505 1777 654 1843 Bohcmia
676 1777 708 1840 vi
729 1778 812 1866 pacti
834 1777 915 1844 inter
936 1777 1016 1866 Imp.
1039 1778 1273 1844 Ferdinandum
1295 1779 1358 1844 ΠΙ.
1372 1789 1415 1870 61
1437 1778 1472 1844 P.
1494 1778 1657 1847 Urbanum

207 1886 304 1952 VIII.
340 1907 367 1950 a.
392 1884 477 1950 1630
506 1882 656 1970 aquovis
687 1905 775 1949 sacco
806 1883 878 1948 salis
903 1883 1035 1971 7112111.
1067 1907 1149 1951 666.
1172 1885 1290 1967 61666,
1325 1907 1351 1949 6.
1377 1885 1461 1950 1863
1484 1884 1544 1948 hoc
1566 1883 1657 1949 titulo

209 1990 467 2056 19719066.
489 1987 603 2052 fundus
618 1988 780 2077 percepit).
825 1988 920 2054 Anno
944 1990 1029 2055 1863
1047 1990 1161 2055 tributa
1183 1991 1240 2055 sub
1259 1991 1288 2054 b.
1312 1999 1343 2054 61
1366 2012 1392 2053 6.
1415 1998 1518 2054 erant:
1545 1988 1577 2069 1)
1596 2009 1655 2075 pro

206 2095 306 2162 fundo
336 2094 484 2160 Anstmae
512 2094 619 2181 infer:
652 2092 691 2155 ab
721 2093 858 2182 archiep.
888 2094 1002 2160 Vienn.
1025 2096 1099 2178 873,
1131 2117 1177 2183 cp.
1209 2093 1243 2162 S.
1266 2094 1396 2183 Hippol.
1419 2094 1495 2175 472,
1525 2101 1655 2159 666661.

205 2202 342 2267 Barnab.
366 2201 440 2282 860,
471 2196 609 2264 Minorit.
634 2199 706 2283 163,
736 2197 892 2265 Dominic.
918 2200 991 2282 756,
1021 2201 1061 2266 ab
1092 2210 1161 2266 octo
1191 2200 1322 2266 abbatiis
1341 2199 1456 2265 16.044
1476 2199 1510 2264 in
1538 2220 1658 2264 summa

208 2306 380 2374 191680.
443 2303 476 2390 2)
499 2309 606 2368 Anser.
629 2327 729 2389 super.
760 2305 891 2393 acepit.
914 2305 1001 2382 Lino.
1032 2309 1105 2371 616
1129 2306 1230 2374 abbat.
1255 2308 1380 2372 10999.
1424 2303 1658 2390 3)Β61611166,

207 2411 344 2502 archiep.
366 2409 463 2496 Prag.
487 2408 594 2490 2670,
619 2407 775 2474 Dominic.
799 2419 830 2474 et
853 2409 1016 2476 Johannit.
1039 2412 1112 2492 223,
1135 2433 1276 2498 praepos.
1299 2409 1391 2499 capit.
1407 2409 1538 2498 Metrop.
1562 2410 1657 2491 2100,

207 2519 227 2584 3
250 2516 322 2581 abb.
345 2525 375 2581 et
397 2513 467 2580 aliis
489 2523 621 2580 monast.
644 2516 729 2580 8862
752 2513 783 2580 0.
827 2516 862 2604 4)
885 2514 1005 2584 Moron.
1029 2515 1165 2604 archiep.
1190 2517 1295 2598 2743,
1325 2516 1419 2604 6ρί66.
1442 2514 1561 2581 Brunn.
1584 2516 1658 2595 672,

207 2647 226 2687 6
253 2629 393 2717 Λ666661.
426 2621 522 2685 2280
544 2617 575 2684 0.
622 2619 655 2705 5)
679 2617 766 2684 81116.
800 2620 891 2707 episc.
926 2620 1068 2686 Wratisl.
1103 2621 1167 2685 617
1189 2621 1220 2686 0.
1265 2623 1298 2707 6)
1331 2619 1444 2686 861166.
1478 2644 1497 2683 6
1529 2627 1658 2685 monast

207 2729 270 2794 315
292 2727 323 2792 0.
369 2727 403 2813 7)
431 2724 533 2814 Tyrol.
565 2732 596 2790 ct
625 2723 821 2812 Vorurlberq.
852 2725 1036 2790 62661161.
1068 2725 1162 2791 7225
1184 2725 1215 2790 0.
1260 2727 1294 2813 8)
1319 2724 1444 2807 8111166,
1476 2747 1525 2815 ep.
1549 2725 1659 2794 Secov.

206 2835 271 2900 416
288 2832 343 2913 0.,
367 2853 386 2894 6
408 2833 427 2894 5
451 2850 535 2895 666.
558 2837 589 2894 61
615 2828 685 2895 abb.
710 2828 772 2894 735
795 2831 843 2912 0.,
867 2830 901 2918 9)
928 2830 1109 2896 Corinthiae
1132 2831 1226 2920 episc.
1247 2829 1346 2898 Gurc.
1360 2830 1466 2900 6100.
1505 2830 1558 2918 10)
1584 2828 1660 2895 061-

208 2939 320 3011 1116166,
345 2933 577 3026 6616616066.
602 2933 665 2998 527
688 2933 718 2998 0.

293 3040 400 3106 Fundi
429 3039 622 3127 singularum
645 3049 800 3104 terrarum
822 3062 841 3103 6
864 3037 1025 3106 Gubernio
1049 3039 1285 3128 (Statthalterei,
1314 3039 1541 3126 Laudesstelle)
1571 3061 1660 3127 sepa·

206 3147 266 3212 1611
288 3145 546 3212 administrantur
575 3143 661 3231 (vide
685 3142 841 3211 Concord.
872 3155 928 3209 art.
951 3143 1078 3210 XXXI.
1109 3145 1285 3235 XXXII.);
1323 3146 1473 3234 ,badpet“
1508 3142 1660 3233 episcopis

210 3251 249 3317 ad
272 3251 466 3318 monendum
496 3249 747 3316 communicatur.
803 3248 902 3330 Quae,
936 3248 1075 3315 deductis
1106 3253 1261 3339 expensis,
1297 3251 1464 3339 quotannis
1486 3260 1659 3338 supersunt,

209 3359 241 3444 1)
265 3357 465 3422 conferuntur
498 3353 538 3419 60
567 3354 775 3421 restituendas
809 3377 952 3436 summas,
988 3347 1065 3442 queis
1098 3357 1274 3445 respublica
1305 3355 1409 3422 lundis
1443 3356 1518 3444 ipsis
1553 3366 1660 3422 mutuo

207 3461 302 3528 dedit.
348 3459 467 3526 Omnes
491 3459 589 3542 fundi,
620 3459 713 3525 etiam
737 3459 880 3526 ditissimi
902 3460 1005 3525 adhuc
1027 3461 1182 3528 debitores
1197 3462 1386 3551 reipublicae
1400 3470 1481 3528 6661,
1527 3460 1566 3526 Id
1588 3459 1661 3525 1606

206 3566 299 3648 venit,
331 3574 366 3631 ut
388 3585 428 3630 ex
450 3588 478 3629 6.
505 3566 583 3631 1841
618 3587 730 3631 usurae
752 3566 1004 3656 syngrapharum
1026 3567 1220 3654 publicarum
1250 3568 1336 3656 (lege
1358 3575 1475 3654 patent.
1499 3565 1610 3630 finano.
1633 3589 1660 3629 a.

209 3671 289 3736 1811
327 3669 527 3736 1606616166
562 3679 592 3735 61
625 3670 772 3759 paulatim
809 3672 970 3761 proseria
1003 3671 1167 3758 quotannis
1197 3673 1275 3737 sorti
1294 3671 1518 3759 subjectarum)
1546 3671 1662 3758 plenae

207 3776 402 3842 solverentur
430 3778 465 3840 16
499 3788 692 3840 antecessum.
750 3775 822 3842 Hoc
856 3775 996 3842 debitum
1019 3786 1106 3841 tanto
1135 3778 1237 3842 minus
1259 3777 1346 3844 brevi
1376 3786 1515 3864 tempore
1540 3772 1661 3840 restitui

206 3879 332 3970 poterit,
367 3879 450 3968 quod
484 3880 682 3947 necessitates
719 3892 791 3948 sunt
821 3890 937 3946 666166.
994 3879 1048 3944 Ad
1070 3881 1139 3947 illas
1162 3906 1271 3948 usurus
1302 3883 1337 3947 in
1359 3892 1552 3947 antecessum
1574 3879 1661 3945 datas

207 3986 360 4052 accedunt
381 3985 540 4074 impensae
561 4009 619 4073 pro
636 3985 903 4052 administratione
919 3986 1056 4066 debilae3
1073 4025 1115 4036 -
1130 3987 1164 4072 2)
1180 3987 1206 4052 61
1222 3987 1326 4054 debita
1347 3986 1506 4077 persoluta
1528 3984 1599 4065 sint,
1623 3982 1662 4049 ad

207 4073 397 4181 supplendos
428 4091 566 4157 defectus
598 4090 738 4156 aliorum.
795 4091 858 4170 Qui
889 4091 985 4173 16601,
1019 4091 1047 4154 si
1075 4092 1198 4156 omittas
1229 4092 1341 4176 debita,
1375 4113 1455 4178 quae
1483 4089 1661 4171 memoravi,

207 4196 372 4278 sufficiant,
403 4219 458 4262 suo
482 4198 548 4262 loco
573 4196 704 4262 dicetur.
759 4195 888 4262 Fundos
911 4196 993 4285 ipsos
1016 4195 1049 4260 in
1072 4197 1218 4264 ecclesiae
1240 4221 1309 4264 6666
1331 4195 1468 4262 dominio
1492 4204 1575 4261 certo
1599 4215 1663 4260 ccr-

208 4302 269 4367 tius
293 4299 594 4367 estetcouoordati
617 4301 747 4366 61116616
771 4300 897 4366 XXXI.
921 4300 1117 4390 exprimitur.

294 4405 323 4470 E
354 4404 459 4472 fundis
489 4405 748 4494 suppeditantur:
786 4407 817 4493 l)
841 4404 923 4469 tituli
946 4405 1087 4487 ordinat,
1121 4407 1156 4494 2)
1178 4405 1343 4494 pensiones
1366 4405 1529 4487 emeritor,
1564 4405 1664 4473 deme·

207 4512 294 4579 ritor.
318 4510 510 4593 clericorum,
533 4510 567 4597 3)
591 4510 778 4600 adjuvantur
799 4511 990 4578 monasteria
1012 4511 1262 4593 mendicantium,
1294 4510 1553 4598 congregationes
1579 4511 1664 4577 femi·

207 4640 320 4683 narum
342 4615 613 4682 rcischolasticae
637 4624 693 4682 cet.
718 4615 899 4698 deditarum,
922 4615 957 4703 4)
980 4638 1079 4683 novae
1100 4615 1267 4704 parochiae
1290 4616 1468 4704 (ecclesiae)
1492 4617 1663 4702 eriguntur.

209 4730 404 4811 reparantur,
439 4718 586 4786 dotantur
619 4721 759 4809 parochi,
802 4722 836 4808 5)
872 4719 1104 4807 capellanorum
1139 4721 1306 4804 mercedes,
1342 4721 1374 4807 6)
1407 4743 1466 4808 pro
1499 4721 1663 4786 seminario

210 4826 322 4910 616116,
356 4825 552 4892 facultatibus
576 4826 681 4902 theol,
712 4825 862 4891 institutis
893 4825 988 4892 theol.
1012 4825 1193 4909 necessaria,
1229 4866 1269 4876 -
1301 4826 1410 4916 paucis
1431 4819 1535 4892 serbis
1557 4848 1663 4892 omnes

209 4933 370 5022 impensae
400 4929 635 5014 ecclesiasticae,
669 4930 709 4996 ad
733 4954 809 5020 quas
832 4929 990 4997 faciendas
1012 4953 1117 5019 nequa
1146 4941 1250 4998 certus
1270 4931 1394 5014 166066,
1422 4931 1506 4998 bona
1527 4929 1663 5021 propria,
