3925 5609
1578 441 1627 496 107

269 613 309 680 Β.
341 612 525 701 Meum
572 611 606 696 1)
629 609 785 680 Dominio.
816 610 1007 676 166615
1036 603 1306 674 666161611616
1360 606 1394 689 2)
1416 601 1507 688 Virg.
1530 599 1628 688 Angl.

169 721 192 786 1
223 719 256 784 d.
279 721 303 785 4
325 740 384 786 sor.
428 717 463 805 3)
486 716 557 786 Sor.
579 715 639 782 161.
660 716 739 786 Jesu
762 715 860 804 Paup.
886 717 900 780 1
925 714 956 780 1.
978 716 1017 781 21
1044 735 1104 778 sor.
1149 711 1183 798 4)
1206 708 1362 774 Francisc.
1384 706 1482 793 Paup.
1504 707 1534 772 3.
1550 703 1629 772 Ord.

167 824 392 910 (Pia-arescas)
424 823 535 890 domus
563 831 704 888 materna
735 830 768 886 61
796 823 817 886 6
846 820 1047 889 11166600
1075 839 1136 883 sor.
1159 825 1190 882 at
1219 837 1289 882 nov.
1332 813 1464 878 Praeter
1485 811 1542 876 166
1568 811 1630 876 168

168 949 305 995 sorores
327 927 421 1014 hujus
443 927 696 1014 congregationis
718 926 751 991 in
773 926 903 993 dioeces.
926 923 1066 1005 1116666,
1097 919 1282 1008 Bamberg.,
1316 916 1452 997 Ratisb.,
1486 915 1628 1002 Eyststt,

167 1033 337 1118 August,
375 1031 522 1118 Friburg.
554 1030 705 1100 laborant
767 1031 802 1118 5)
835 1027 906 1098 Sor.
937 1028 1034 1096 schol.
1073 1027 1171 1114 Paup.
1206 1028 1221 1091 1
1261 1023 1290 1092 1.
1323 1024 1365 1089 36
1397 1043 1458 1088 sor.
1493 1030 1524 1088 et
1559 1041 1629 1084 nov.

168 1137 412 1204 8666616166.

681 1239 812 1306 816666
833 1237 1039 1327 &palariam
1062 1236 1133 1304 176.

270 1345 330 1411 VI.
369 1344 457 1412 Uace
485 1342 626 1412 mardos
656 1358 698 1412 set
725 1343 771 1412 cd
793 1343 964 1412 Catholicae
1017 1343 1091 1408 860.

395 1499 413 1533 ,,
458 1463 641 1516 66666661
666 1499 683 1533 ,,
731 1499 747 1534 ,
839 1499 856 1533 ,,
991 1449 1093 1514 1054.

396 1603 412 1637 ,,
458 1554 613 1641 repausa
667 1603 683 1638 ,,
731 1603 748 1638 ,,
839 1601 856 1637 ,,
989 1553 1093 1619 1439.

272 1657 349 1724 VII.
384 1655 550 1744 Beneficia.
598 1660 625 1723 1.
650 1657 751 1746 capit.
773 1657 858 1724 Eccl.
882 1657 973 1727 cath.
996 1657 1035 1722 ad
1057 1656 1094 1722 B.
1111 1655 1152 1722 Μ.
1168 1653 1209 1720 V.
1236 1654 1395 1739 Assumpt.
1419 1672 1488 1714 cum
1507 1648 1629 1736 Praep,

171 1765 271 1847 Dec,
294 1767 317 1830 8
338 1761 427 1845 can,
451 1766 471 1828 6
493 1762 598 1828 Vicar.
643 1763 780 1830 Provisa'o
802 1769 830 1848 ξ.
853 1767 905 1831 62.
928 1787 958 1829 n.
981 1764 1010 1828 3.
1116 1748 1122 1762 ’

271 1867 494 1934 Praetentate
515 1868 551 1935 P.
575 1877 607 1934 61
626 1867 668 1934 D.
692 1875 711 1935 6
732 1870 836 1950 2500,
866 1867 1146 1949 46661600,
1176 1859 1490 1944 dracomaria.
1513 1859 1629 1941 6800,

138 1981 145 1993 ’
172 1975 196 2040 3
220 1979 246 2038 6
271 1973 458 2039 6001161.
1327 2045 1330 2050 ,

273 2080 306 2144 2.
327 2076 415 2144 Atta.
460 2080 525 2145 214
542 2101 608 2167 par.
627 2101 698 2145 cum
718 2077 823 2145 multis
840 2077 996 2143 filialibus.
1033 2075 1167 2142 Benefic.
1190 2074 1280 2141 resid.
1303 2075 1332 2142 3.
1366 2072 1484 2142 Omnes
1500 2069 1630 2160 parochi

174 2184 300 2272 (quum
325 2183 384 2270 jac
409 2184 692 2272 franco-patticam
724 2183 758 2248 in
788 2183 848 2248 hac
878 2181 1013 2249 dioecesi
1043 2181 1162 2268 vigeat)
1196 2202 1235 2246 ex
1265 2177 1384 2246 aerario
1414 2179 1478 2243 500
1507 2177 1630 2242 francos

173 2286 342 2374 recipiunt
364 2297 403 2370 et,
426 2288 478 2354 ubi
501 2288 619 2354 reditus
641 2288 762 2354 ebonis
777 2286 910 2376 propriis
932 2287 983 2352 vel
998 2286 1140 2376 percepti
1155 2284 1361 2351 communales
1383 2305 1447 2350 non
1466 2281 1631 2362 sufficiant,
1725 2269 1729 2282 ⁵

174 2393 220 2458 ad
245 2414 420 2480 congruam
437 2395 509 2476 700,
532 2395 597 2459 800
623 2391 800 2460 61100011.
822 2391 1026 2482 supplendam
1049 2390 1220 2457 necessaria
1242 2413 1361 2455 summa
1394 2388 1633 2455 subminstratur

176 2520 221 2564 ex
247 2495 370 2563 eodem.
414 2498 465 2562 Ex
486 2497 587 2563 indice
609 2499 642 2563 in
665 2497 880 2564 schematismo
902 2507 1049 2563 contento
1071 2496 1189 2562 reditus
1210 2495 1429 2562 beneficiorum
1451 2504 1545 2559 sunt:
1569 2495 1633 2559 200

177 2623 287 2688 usque
310 2601 439 2669 61300
459 2602 491 2668 ll
513 2641 555 2654 --
576 2605 631 2685 45,
661 2602 910 2669 6140011·-
933 2604 987 2682 48,
1010 2602 1050 2668 61
1081 2603 1145 2668 500
1167 2641 1210 2652 -
1231 2603 1283 2684 28,
1305 2600 1344 2666 61
1368 2601 1432 2667 600
1455 2639 1495 2650 -
1519 2599 1570 2680 31,
1593 2595 1633 2660 61

178 2709 252 2773 700
277 2706 396 2786 -11,
425 2706 552 2776 61800
573 2747 617 2758 -
641 2709 692 2789 16,
721 2707 848 2772 61900
871 2745 912 2758 —
935 2710 966 2789 0,
997 2705 1036 2772 61
1066 2709 1215 2773 1006-
1237 2708 1267 2788 3,
1298 2706 1337 2772 61
1362 2707 1446 2771 1100
1469 2741 1509 2754 --
1535 2705 1563 2784 1,
1593 2700 1633 2766 61

180 2811 276 2878 1200
302 2850 343 2862 -
364 2813 395 2893 4,
417 2811 458 2878 61
480 2813 566 2879 1300
581 2851 622 2862 -
647 2813 676 2895 3,
699 2812 740 2877 61
763 2813 857 2887 1500,
881 2813 953 2893 600,
979 2813 1051 2894 700,
1082 2815 1147 2878 900
1168 2811 1339 2898 singulae..
1366 2808 1477 2890 Quoad
1498 2807 1633 2896 reliquas

179 2915 277 2983 66116
298 2924 425 2981 notatur
445 2916 540 2983 fassio
561 2916 645 3004 apud
668 2919 704 2999 1;
728 2920 748 2984 2
770 2926 843 2982 6661
864 2917 1085 2983 1616620011.

275 3021 308 3086 3.
341 3019 472 3086 Fructus
504 3022 705 3088 intercedam
738 3021 986 3110 praebendarum
1020 3031 1052 3090 61
1085 3022 1269 3088 vinariarum
1298 3020 1372 3088 eccl.
1395 3020 1475 3086 cath.
1497 3017 1634 3084 fabricae

179 3125 262 3192 eccl.
287 3124 378 3206 cath,
399 3125 618 3213 parochiarum
640 3149 715 3193 vero
737 3125 834 3194 fundo
857 3127 1056 3192 emeritorum
1079 3127 1286 3213 assignantur.
1329 3124 1366 3195 Si
1387 3123 1550 3224 parochiae
1572 3123 1634 3188 sint

179 3249 344 3320 pauperes
366 3240 421 3296 661
442 3230 594 3319 templum
615 3255 639 3298 s.
660 3231 753 3300 aedes
775 3231 899 3320 parocb.
921 3231 1119 3320 reparatione
1139 3231 1312 3318 indigeant,
1334 3231 1392 3298 toti
1407 3229 1457 3297 vel
1472 3252 1531 3318 pro
1546 3237 1634 3317 parte

180 3335 225 3401 ad
250 3334 337 3399 hunc
358 3335 453 3401 finem
476 3335 681 3408 destinantur.

277 3438 377 3504 VIII.
400 3439 536 3506 Sclaolea
583 3443 597 3507 1
624 3441 763 3530 Lyceum
787 3440 924 3530 (Spirae)
947 3440 1059 3530 philos.
1081 3444 1101 3508 2
1124 3439 1243 3528 Gymn.
1264 3442 1288 3507 4
1309 3437 1432 3506 scholae
1449 3440 1561 3521 reales,
1593 3440 1633 3503 13

180 3544 318 3612 scholae
347 3543 460 3610 1611666
493 3545 585 3634 (quot
616 3568 656 3612 ex
688 3547 727 3611 iis
762 3546 931 3612 catholicae
952 3545 1031 3629 sint,
1063 3546 1205 3634 ignoro),
1239 3547 1305 3612 630
1334 3545 1459 3612 6616166
1492 3544 1634 3612 6166661.

181 3650 269 3717 catla.
294 3670 365 3713 cnm
387 3649 515 3716 totidem
537 3651 680 3738 magistri
702 3652 808 3740 (masc.
830 3650 1013 3738 sisciam).
1058 3650 1193 3747 Scholae
1215 3651 1303 3718 elem.
1326 3649 1547 3736 6661161825,
1562 3648 1635 3736 jud.

182 3758 240 3822 61.
287 3752 352 3821 Pro
374 3742 742 3841 6661666161666166.
764 3766 923 3823 autmere
945 3756 1026 3822 cath.
1048 3765 1102 3822 aut
1131 3757 1230 3825 66611.
1252 3766 1333 3822 sunt.
1378 3755 1443 3824 Ubi
1465 3778 1539 3821 vero
1561 3776 1636 3841 pau·

182 3867 297 3950 pertas
320 3859 574 3925 communitatum
595 3861 647 3926 661
669 3882 784 3949 patrus
805 3859 897 3927 unius
922 3860 1121 3928 consessionis
1144 3860 1333 3927 scholarium
1355 3881 1500 3926 numerus
1524 3860 1635 3940 obstat,

181 3962 312 4030 scholae
337 3966 456 4029 miratae
489 3962 635 4048 existunt,
669 3966 781 4054 quibus
814 3965 966 4054 magistri,
999 3966 1025 4032 si
1058 3989 1204 4032 numerus
1234 3965 1454 4054 discipulorum
1476 3964 1636 4050 utriusque

184 4065 391 4134 confessionis
414 4067 550 4155 aequalis
572 4068 628 4151 sit,
659 4069 840 4138 alternando
863 4069 1118 4137 6611616611.
1142 4070 1371 4160 praeficiuntur.

278 4170 339 4236 IX.
372 4172 619 4240 Administrcta'c.
666 4176 694 4241 1.
732 4175 956 4242 061166νί6166
977 4198 1048 4241 666
1070 4175 1152 4256 1116,
1186 4175 1322 4244 90666.
1346 4176 1447 4262 (can).
1476 4177 1490 4240 1
1518 4173 1635 4242 Secret.

184 4278 262 4343 Hic.
288 4275 366 4343 Ord.
389 4287 421 4344 61
442 4299 548 4343 causas
570 4279 743 4362 matrimon.
762 4279 884 4365 judicat
914 4290 946 4347 et
975 4303 1082 4346 causas
1114 4279 1233 4371 discipl.
1268 4281 1370 4346 cleric.
1403 4279 1436 4345 in
1472 4281 1534 4345 1ma
1564 4279 1636 4348 inst

186 4385 289 4448 Anno
313 4383 397 4448 1862
419 4406 499 4448 anas
520 4404 654 4472 process.
678 4384 797 4473 discipl.
821 4385 887 4450 fuit.
931 4389 962 4451 2.
989 4385 1187 4474 Officiclctas
1216 4409 1286 4453 cum
1309 4385 1399 4453 Offic.
1422 4396 1453 4452 et
1478 4388 1493 4451 1
1519 4383 1636 4452 Secret.

186 4489 217 4556 3.
257 4485 370 4552 caat.
400 4486 644 4553 administrandi
665 4488 768 4577 fandi
795 4491 943 4556 emeritos.
973 4512 1044 4555 cum
1073 4491 1196 4572 Praes,
1232 4494 1256 4557 4
1285 4490 1418 4568 (lensii,
1448 4491 1636 4558 Rationerio.

187 4594 220 4658 4.
249 4589 363 4657 066611.
394 4590 567 4657 admiratae.
582 4591 687 4680 fandi
708 4593 866 4659 decertatis
899 4616 969 4659 cum
992 4593 1108 4676 Praes.,
1132 4596 1151 4661 3
1176 4595 1303 4677 066611,
1328 4597 1343 4660 1
1369 4595 1529 4662 Rationar.
1575 4595 1638 4661 Hic

187 4694 319 4777 fundus,
342 4694 493 4761 formatus
516 4718 555 4763 ex
578 4695 693 4784 paucis,
717 4719 797 4784 quae
819 4697 972 4764 revolutio
994 4698 1175 4785 reliquerat,
1197 4701 1286 4766 resol.
1308 4701 1398 4788 regia
1414 4701 1476 4767 diei
1494 4703 1544 4766 18.
1559 4699 1636 4768 Jun.
1765 4735 1769 4740 ·

192 4801 281 4869 1830
302 4799 344 4864 61
366 4799 567 4867 sustentanda
595 4823 690 4867 onera
713 4801 911 4869 decanatibus
934 4825 1078 4870 connexa
1107 4813 1138 4870 61
1160 4805 1199 4870 61
1231 4805 1471 4872 remunerandos
1502 4806 1637 4873 decanos

191 4929 232 4972 ex
255 4905 348 4972 resol.
371 4905 402 4972 8.
423 4905 501 4972 Dec.
527 4905 609 4973 1855
632 4906 671 4972 ab
693 4907 824 4974 ecclesia
844 4907 1085 4974 administratur.
