3925 5609
321 456 372 510 101

406 611 466 677 IV.
504 610 662 677 016666.
706 631 734 674 6.
757 609 920 675 Isntitntio.
973 630 1001 673 a
1024 607 1235 674 8666666166
1256 609 1418 677 Eicbstett.
1441 611 1473 676 in
1496 635 1557 700 quo
1578 614 1765 702 recipiuntur

262 700 265 706 ⁴
319 718 408 807 pueri
442 730 474 784 et
506 739 606 804 usque
639 715 678 780 66
711 712 847 802 presbyt.
880 713 1060 781 educantur.
1105 712 1228 782 Classes
1250 715 1360 782 latinas
1384 727 1416 783 et
1438 739 1581 805 gymnas.
1603 719 1637 784 in
1661 718 1764 784 schola
1819 777 1820 810 ,

320 825 374 890 lat.
396 847 476 913 resp.
499 847 607 911 gymn.
629 821 715 911 publ.
737 822 953 908 frequentant3
976 817 1205 907 philosophiam
1228 827 1261 884 et
1283 820 1419 908 theolog.
1436 822 1470 887 in
1485 823 1661 908 seminario,
1687 825 1764 911 quod

319 931 413 996 habet
445 929 581 1018 Lyceum
614 931 703 1015 eptae
736 949 805 991 cum
838 924 926 990 Rect.
960 933 992 989 et
1028 927 1047 989 5
1076 923 1209 990 Profess.
1261 923 1415 993 Seminsr.
1438 927 1533 994 habet
1553 927 1645 1017 Reg,
1670 929 1763 994 Praei·

319 1032 462 1115 musicae,
500 1035 542 1099 10
571 1032 713 1096 alumnos
743 1029 831 1111 diac,
866 1030 908 1094 32
938 1028 1085 1117 acolytb,
1118 1032 1240 1094 51666.
1262 1028 1366 1118 philos
1388 1031 1524 1114 studies,
1559 1035 1596 1099 51
1634 1034 1762 1099 scholar.

319 1161 428 1228 gymn.
451 1147 483 1203 et
504 1137 601 1202 schol.
624 1137 689 1217 lat,
722 1136 755 1200 in
777 1157 897 1200 summa
919 1135 971 1200 98.
1026 1133 1195 1200 Praeterea
1217 1135 1237 1198 3
1259 1133 1354 1200 theol·
1386 1145 1418 1202 et
1446 1137 1599 1224 6philos.
1631 1138 1715 1202 stud.
1737 1139 1764 1202 in

320 1242 445 1308 civitate
468 1241 596 1327 degunt.
640 1239 851 1308 Seminarium
871 1239 967 1304 habet
988 1238 1121 1304 fundum
1145 1238 1327 1304 12285911.
1351 1239 1382 1328 (6
1405 1242 1517 1327 quibus
1539 1265 1598 1330 pro
1622 1253 1763 1330 tompore

321 1356 440 1412 tantum
466 1347 582 1411 13590
602 1344 747 1410 oneribus
769 1342 902 1409 reditum
923 1343 989 1408 fere
1011 1341 1256 1429 exsequentibus
1278 1351 1350 1408 sunt
1371 1344 1487 1434 liberi),
1517 1371 1536 1411 a
1558 1348 1717 1435 gubernio
1737 1347 1764 1410 vi

322 1451 535 1541 compromissi
553 1449 708 1535 judicialia
729 1451 750 1515 2
771 1447 865 1512 Mart.
890 1448 973 1513 1847
996 1469 1115 1512 annuos
1145 1447 1282 1513 294211
1312 1449 1361 1516 rb.
1389 1450 1657 1518 Seminaristicum
1690 1476 1764 1517 sum·

321 1579 404 1623 marn
425 1577 561 1621 annuam
582 1555 647 1621 274
668 1554 699 1618 fl.
723 1553 784 1617 dat.

408 1663 437 1728 b.
473 1662 593 1726 7166166
621 1661 826 1727 ordinationes
847 1659 914 1724 iere
935 1659 1021 1724 solus
1044 1670 1091 1726 est
1113 1683 1235 1726 6666666
1254 1664 1368 1750 rapine.
1416 1663 1516 1727 1666.
1539 1662 1639 1728 ordin.
1664 1661 1764 1728 estad

466 1765 653 1856 patrimonii,
677 1768 697 1830 6
719 1763 839 1832 Romae
860 1763 900 1828 sd
921 1764 968 1830 tit.
991 1764 1156 1847 missionis,
1187 1765 1202 1830 1
1229 1764 1270 1831 66
1292 1766 1337 1832 tit.
1359 1787 1483 1832 mensae
1506 1766 1569 1832 dat.
1591 1789 1610 1832 a
1634 1767 1762 1854 quadam

467 1872 598 1937 civitate.

409 2001 435 2043 c.
465 1977 536 2044 866.
567 1978 684 2041 emet-iti
712 1995 730 2040 e
751 1973 858 2064 fando
880 1978 1074 2042 emeritanam
1104 1975 1237 2064 (domus,
1271 1977 1323 2042 ubi
1347 1977 1461 2065 degere
1483 1987 1624 2065 possunt,
1659 1977 1762 2062 deest),

468 2084 555 2169 cujus
577 2081 693 2146 reditus
716 2080 757 2146 ad
779 2081 971 2147 61666292
993 2081 1023 2146 11.
1047 2081 1171 2162 sufficit,
1194 2082 1307 2169 partim
1330 2083 1395 2147 400
1416 2083 1447 2148 fl.
1470 2081 1633 2171 recipiunt,
1656 2082 1762 2172 parum

467 2188 654 2274 adjuvantur
678 2187 812 2274 (summa
834 2187 899 2251 300
920 2185 952 2251 fl.
974 2185 1026 2251 vel
1049 2186 1184 2274 minori),
1207 2197 1243 2252 ut
1265 2197 1493 2275 cooperatorem
1516 2186 1575 2251 sibi
1597 2187 1764 2274 adjungere

467 2290 596 2379 possint.
641 2287 692 2353 Ex
722 2287 832 2355 eodem
861 2289 956 2354 fundo
987 2289 1145 2372 beneficia,
1177 2313 1311 2378 quorum
1334 2291 1451 2358 dotatio
1472 2291 1574 2358 minor
1595 2302 1653 2376 est,
1685 2292 1763 2380 adju·

425 2442 428 2446 -
467 2408 588 2480 vantur,
611 2383 748 2484 denibus
770 2395 1002 2463 necessitatibus
1017 2396 1212 2463 sacerdotum
1235 2396 1365 2484 (morbis
1381 2399 1450 2484 cet.)
1473 2397 1643 2463 subitaneis
1666 2417 1764 2464 occur·

467 2502 556 2567 ritur.
600 2501 640 2566 In
662 2501 879 2567 schematiamo
901 2510 1043 2566 accurata
1067 2501 1209 2568 redditur
1230 2502 1317 2567 ratio.

409 2608 439 2673 6.
462 2606 612 2673 1166666·
633 2618 686 2672 sut
714 2605 1083 2693 661666116611110411.)
1114 2616 1167 2671 aut
1189 2606 1315 2695 duplam
1338 2605 1419 2672 tituli
1442 2629 1593 2672 summam
1617 2607 1764 2695 rccipiunt

465 2712 566 2775 autin
587 2710 782 2776 monasteriis
798 2710 989 2776 collocantur
1012 2709 1051 2774 sd
1066 2709 1309 2798 resipiscendum
1325 2721 1356 2777 et
1370 2710 1553 2799 inspectioni
1577 2711 1762 2778 decanorum

466 2817 735 2904 parochorumque
749 2815 989 2901 subjunguntur,
1006 2813 1038 2879 in
1053 2836 1185 2901 quorum
1200 2814 1388 2882 districtibus
1404 2816 1591 2882 domicilium
1608 2816 1763 2882 collocant

409 2943 434 2986 e.
464 2920 578 2986 816666.
623 2919 693 2989 866.
723 2943 801 2986 6666.
835 2920 910 3001 369,
943 2941 1009 3006 reg.
1043 2920 1095 3002 31,
1130 2920 1149 2984 i.
1181 2943 1204 2986 s.
1234 2921 1307 2996 400.
1352 2922 1422 2991 866.
1445 2923 1478 2987 in
1501 2945 1574 2987 cura
1596 2921 1763 2986 animarum

469 3030 542 3112 342,
566 3037 655 3093 extra
678 3027 772 3095 dioec
797 3017 829 3109 8,
850 3024 990 3092 neo-ord.
1014 3027 1128 3113 (1862)
1151 3028 1181 3108 9,
1204 3028 1317 3094 mortui
1341 3029 1392 3110 16,
1416 3026 1533 3093 dimissi
1556 3029 1586 3109 8,
1609 3025 1726 3114 recepti
1746 3026 1763 3088 9

468 3135 628 3220 (numerus
658 3133 827 3198 diminutus
857 3131 897 3196 ad
927 3132 970 3216 6),
998 3131 1089 3216 jubil.
1116 3133 1143 3212 1,
1176 3132 1297 3198 emeriti
1329 3134 1370 3198 10
1400 3134 1496 3219 (anno
1528 3133 1611 3198 1865
1636 3140 1763 3220 quatuor

472 3240 584 3304 50mum
606 3238 771 3304 sacerdotii
793 3260 908 3302 annum
933 3236 1110 3324 attingent).

409 3350 449 3415 V.
482 3351 720 3440 Repnlarea.
765 3349 988 3439 6116116166.
1035 3352 1063 3415 1.
1086 3349 1223 3416 Reform
1246 3352 1386 3434 2eonv,
1410 3349 1552 3438 2hosp.,
1575 3349 1676 3431 206.
1700 3342 1762 3412 361.

323 3477 404 3538 nov,
427 3455 528 3523 28L.
551 3480 580 3544 p.
605 3457 737 3538 1666,
761 3456 827 3522 is.
851 3459 902 3522 52.

409 3559 438 3626 2
463 3561 579 3648 Copae
601 3563 751 3644 26666,
778 3563 881 3643 lis,
904 3560 986 3626 91..
1009 3583 1038 3648 p.
1063 3560 1193 3643 3666,
1224 3583 1244 3626 1
1267 3584 1291 3627 s
1314 3562 1365 3629 23
1410 3560 1614 3628 86666675.

408 3691 445 3757 Β.
467 3657 649 3780 Relipa'caae.
695 3693 728 3780 1)
752 3692 869 3759 Bened.
894 3664 993 3774 lm,
1017 3694 1059 3760 43
1082 3693 1205 3758 monial.
1250 3653 1284 3781 2)
1307 3692 1377 3762 Sor.
1398 3717 1490 3784 paup
1505 3694 1601 3761 schol.
1616 3692 1656 3760 de
1671 3691 1759 3758 N.D

326 3794 407 3879 76,
431 3797 519 3862 636.
564 3797 691 3884 3)8.66
714 3797 749 3865 8.
772 3797 862 3865 Vino.
886 3798 978 3880 46.,
1015 3800 1065 3863 16.
1109 3797 1144 3885 4)
1169 3796 1281 3864 Franc.
1304 3800 1334 3865 3.
1357 3797 1435 3868 Ord.
1459 3799 1708 3888 (Pirmascns)4
1686 3795 1758 3874 46

325 3903 375 3968 13.
420 3902 454 3990 5)
477 3901 548 3969 866.
569 3900 629 3969 88.
653 3900 807 3968 Salvator.
833 3906 847 3969 1
876 3903 922 3985 6.,
946 3906 967 3968 6
989 3927 1013 3968 s.
1036 3941 1078 3952 -
1108 3902 1239 3968 8666666
1263 3904 1334 3969 141.

812 4008 943 4074 Sammo
965 4007 1172 4096 Reynlorinm
1203 4009 1276 4074 216.

409 4116 466 4183 VI.
495 4117 582 4185 Unna
603 4119 744 4187 66666666
766 4135 808 4186 eat
829 4121 876 4188 cd
899 4121 1068 4188 Oatbolc‘cos
1091 4120 1164 4187 387.

522 4250 625 4309 ,.666
648 4242 785 4313 curat,
985 4275 1001 4309 ,
1084 4225 1825 4316 458.)

520 4333 717 4420 ,6696616νί6
770 4383 786 4417 ,
835 4383 851 4416 ,
987 4380 1003 4414 ,,
1083 4321 1825 4396 7261

409 4461 485 4528 VH
518 4462 684 4551 Beneficia.
729 4468 758 4532 1.
795 4463 897 4553 Capit.
941 4461 1027 4541 Ecol.
1051 4460 1198 4532 Gathedr.
1221 4485 1292 4528 cum
1319 4461 1451 4550 Praep,
1473 4461 1564 4543 Dee,
1592 4461 1718 4542 acan,
1738 4459 1754 4521 6
1823 4385 1825 4486 1

322 4562 1754 4656 616661166666166666616666263Ρ666666666Ρ.61Ι).62500114
1823 4611 1825 4666 4

321 4674 1123 4757 666..,..,6160046140011361666.6800,
1154 4673 1354 4740 3660011.

408 4780 438 4844 2.
461 4779 547 4844 Atta.
591 4776 663 4844 Par.
686 4788 718 4844 et
740 4802 804 4845 cur.
826 4781 900 4861 202,
933 4779 1004 4846 ben.
1035 4781 1072 4845 61
1111 4779 1204 4868 (inter
1235 4799 1314 4867 quae
1336 4778 1379 4843 10
1399 4776 1518 4865 simpl.
1552 4777 1665 4864 quibus
1687 4772 1751 4840 offic
1823 4725 1825 4880 )

322 4892 489 4950 nntoms.
511 4881 636 4950 missam
659 4881 857 4972 persolvendi
880 4883 1040 4965 incumbit,
1064 4885 1115 4968 18,
1137 4905 1270 4972 quorum
1287 4882 1386 4949 benef.
1412 4904 1489 4970 ,pro
1510 4885 1622 4970 possa“
1645 4889 1752 4948 tantum
